<?xml version="1.0" encoding="UTF-8"?>
<?xml-stylesheet type="text/xsl" href="https://www.revistas.usp.br/lib/pkp/xml/oai2.xsl" ?>
<OAI-PMH xmlns="http://www.openarchives.org/OAI/2.0/" xmlns:xsi="http://www.w3.org/2001/XMLSchema-instance" xsi:schemaLocation="http://www.openarchives.org/OAI/2.0/ http://www.openarchives.org/OAI/2.0/OAI-PMH.xsd">
<responseDate>2023-08-07T14:50:35Z</responseDate>
<request verb="ListRecords" metadataPrefix="marcxml" set="actafisiatrica">https://www.revistas.usp.br/actafisiatrica/oai</request>
<ListRecords>
<record>
<header>
<identifier>oai:revistas.usp.br:article/187070</identifier>
<datestamp>2021-10-15T17:11:18Z</datestamp>
<setSpec>actafisiatrica:Tend.+Refle.</setSpec>
<setSpec>driver</setSpec>
</header>
<metadata>
<record xmlns="http://www.loc.gov/MARC21/slim" xmlns:xsi="http://www.w3.org/2001/XMLSchema-instance" xsi:schemaLocation="http://www.loc.gov/MARC21/slim http://www.loc.gov/standards/marcxml/schema/MARC21slim.xsd">
<leader>     nmb a2200000Iu 4500</leader>
<controlfield tag="008">"210630 2021                        eng  "</controlfield>
<datafield tag="022" ind1="#" ind2="#">
<subfield code="$a">2317-0190</subfield>
</datafield>
<datafield tag="022" ind1="#" ind2="#">
<subfield code="$a">0104-7795</subfield>
</datafield>
<datafield tag="042" ind1=" " ind2=" ">
<subfield code="a">dc</subfield>
</datafield>
<datafield tag="245" ind1="0" ind2="0">
<subfield code="a">Um ano com a pandemia da COVID-19: reflexões e aprendizados nas instituições de longa permanência</subfield>
</datafield>  <datafield tag="720" ind1="1" ind2=" ">
<subfield code="a">Rossini, Guilherme</subfield>
<subfield code="u">SOBRAMFA - Educação Médica e Humanismo</subfield><subfield code="0">https://orcid.org/0000-0002-6158-7912</subfield></datafield>
<datafield tag="720" ind1="1" ind2=" ">
<subfield code="a">De Benedetto, Maria Auxiliadora Craice</subfield>
<subfield code="u">SOBRAMFA - Educação Médica e Humanismo</subfield><subfield code="0">https://orcid.org/0000-0003-3958-7438</subfield></datafield>
<datafield tag="720" ind1="1" ind2=" ">
<subfield code="a">Moreto, Graziela</subfield>
<subfield code="u">SOBRAMFA - Educação Médica e Humanismo</subfield><subfield code="0">https://orcid.org/0000-0003-0651-2595</subfield></datafield>
<datafield tag="720" ind1="1" ind2=" ">
<subfield code="a">Levites, Marcelo Rozenfeld</subfield>
<subfield code="u">SOBRAMFA - Educação Médica e Humanismo</subfield><subfield code="0">https://orcid.org/0000-0002-2816-4432</subfield></datafield>
<datafield tag="720" ind1="1" ind2=" ">
<subfield code="a">Blasco, Pablo González</subfield>
<subfield code="u">SOBRAMFA - Educação Médica e Humanismo</subfield><subfield code="0">https://orcid.org/0000-0001-8682-8770</subfield></datafield>
<datafield tag="520" ind1=" " ind2=" ">
<subfield code="a"> A atuação como médicos e professores no enfrentamento, por mais de um ano, da pandemia de COVID-19 em diversos cenários clínicos fez-nos constatar que vivemos tempos difíceis diante de uma doença de comportamento desconhecido e, muitas vezes, imprevisível. O objetivo do presente artigo é avaliar as medidas tomadas na nossa Instituição nestes 14 meses de pandemia, e os aprendizados recorrentes, que requerem uma reflexão ponderada para sua conveniente assimilação. As medidas tomadas em 2020 incluíram a informação objetiva e regular, da situação dos nossos cenários de prática clínica, com ênfase especial nos residências de idosos sob a nossa supervisão. Informações diárias, gráficos semanais, proporcionaram uma retrato realista da situação que estávamos vivendo. As medidas tomadas, que também visavam manter alto o moral da equipe que estava na linha de frente, propiciaram ocasião para repensar nos modelos de educação médica vigente, sugerindo novas mudanças e adaptações. Finalmente, com a chegada das vacinas em 2021, as medidas que vínhamos tomando convergiram para um esforço de vacinação massiva, principalmente nos residenciais de idosos. Esse cenário que se apresentava como crítico no início da pandemia, após a vacinação transformou-se em local de alta segurança conforme os resultados apresentados. Houve também novos aprendizados nesse mesmo local -diminuição de outras afeções, piora de níveis cognitivos- que doravante serão incorporados na nossa prática clínica. </subfield>
</datafield>
<datafield tag="260" ind1=" " ind2=" ">
<subfield code="b">Faculdade de Medicina, Universidade de São Paulo</subfield>
</datafield>
<dataField tag="260" ind1=" " ind2=" ">
<subfield code="c">2021-06-30 00:00:00</subfield>
</dataField>   <datafield tag="856" ind1=" " ind2=" ">
<subfield code="q">application/pdf</subfield>
</datafield>
<datafield tag="856" ind1="4" ind2="0">
<subfield code="u">https://www.revistas.usp.br/actafisiatrica/article/view/187070</subfield>
</datafield>  <datafield tag="786" ind1="0" ind2=" ">
<subfield code="n">Acta Fisiátrica; v. 28 n. 2 (2021)</subfield>
</datafield>  <datafield tag="546" ind1=" " ind2=" ">
<subfield code="a">por</subfield>
</datafield>   <datafield tag="540" ind1=" " ind2=" ">
<subfield code="a">Copyright (c) 2021 Acta Fisiátrica</subfield>
</datafield>
</record>
</metadata>
</record>