
<record>
<header>
<identifier>oai:revistas.usp.br:article/188487</identifier>
<datestamp>2022-02-01T13:27:52Z</datestamp>
<setSpec>actafisiatrica:Tend.+Refle.</setSpec>
<setSpec>driver</setSpec>
</header>
<metadata>
<record xmlns="http://www.loc.gov/MARC21/slim" xmlns:xsi="http://www.w3.org/2001/XMLSchema-instance" xsi:schemaLocation="http://www.loc.gov/MARC21/slim http://www.loc.gov/standards/marcxml/schema/MARC21slim.xsd">
<leader>     nmb a2200000Iu 4500</leader>
<controlfield tag="008">"210930 2021                        eng  "</controlfield>
<datafield tag="022" ind1="#" ind2="#">
<subfield code="$a">2317-0190</subfield>
</datafield>
<datafield tag="022" ind1="#" ind2="#">
<subfield code="$a">0104-7795</subfield>
</datafield>
<datafield tag="042" ind1=" " ind2=" ">
<subfield code="a">dc</subfield>
</datafield>
<datafield tag="245" ind1="0" ind2="0">
<subfield code="a">A Classificação Internacional de Funcionalidade, Incapacidade e Saúde (CIF) como dicionário unificador de termos</subfield>
</datafield>  <datafield tag="720" ind1="1" ind2=" ">
<subfield code="a">Barreto, Marina Carvalho Arruda </subfield>
<subfield code="u">Universidade Federal do Ceará - UFC</subfield><subfield code="0">https://orcid.org/0000-0002-2505-6188</subfield></datafield>
<datafield tag="720" ind1="1" ind2=" ">
<subfield code="a">Andrade, Fernanda Guimarães </subfield>
<subfield code="u">Instituto Federal de Educação, Ciência e Tecnologia do Rio de Janeiro - IFRJ</subfield></datafield>
<datafield tag="720" ind1="1" ind2=" ">
<subfield code="a">Castaneda, Luciana</subfield>
<subfield code="u">Instituto Federal de Educação, Ciência e Tecnologia do Rio de Janeiro - IFRJ</subfield><subfield code="0">https://orcid.org/0000-0001-8573-342X</subfield></datafield>
<datafield tag="720" ind1="1" ind2=" ">
<subfield code="a">Castro, Shamyr Sulyvan</subfield>
<subfield code="u">Universidade Federal do Ceará - UFC</subfield><subfield code="0">https://orcid.org/0000-0002-2661-7899</subfield></datafield>
<datafield tag="520" ind1=" " ind2=" ">
<subfield code="a"> A Classificação Internacional de Funcionalidade, Incapacidade e Saúde (CIF) foi formulada pela Organização Mundial de Saúde (OMS), baseada no modelo biopsicossocial, tendo como um dos principais objetivos proporcionar uma linguagem neutra e não discriminatória universal. Porém, ainda é possível observar desafios para o êxito no estabelecimento e uso dessa linguagem de forma universal, ocasionando em uma série de barreiras na comunicação em nível de ensino, prática clínica, gestão e pesquisa. O presente ensaio teórico busca realizar reflexões acerca da análise dos desafios que a heterogeneidade da linguagem utilizada na descrição e caracterização da funcionalidade e a percepção que, mesmo após 20 anos de publicação da CIF, ainda é persistente o uso da lógica biomédica, configurando-se como uma barreira para a mudança de paradigma. Pretende-se também discutir sobre quais os benefícios de utilização da CIF como uma linguagem universal no campo da saúde. Afirmamos a necessidade de um esforço da comunidade acadêmica e clínica para o uso correto dos termos da CIF, visto que o equívoco na linguagem pode levar a definições inconsistentes. Salientamos que esse ensaio teórico busca cobrir um hiato na literatura brasileira a respeito da utilização da CIF como dicionário de termos balizadores para descrição das experiências vividas em saúde.  </subfield>
</datafield>
<datafield tag="260" ind1=" " ind2=" ">
<subfield code="b">Faculdade de Medicina, Universidade de São Paulo</subfield>
</datafield>
<dataField tag="260" ind1=" " ind2=" ">
<subfield code="c">2021-09-30 00:00:00</subfield>
</dataField>   <datafield tag="856" ind1=" " ind2=" ">
<subfield code="q">application/pdf</subfield>
</datafield>
<datafield tag="856" ind1="4" ind2="0">
<subfield code="u">https://www.revistas.usp.br/actafisiatrica/article/view/188487</subfield>
</datafield>  <datafield tag="786" ind1="0" ind2=" ">
<subfield code="n">Acta Fisiátrica; v. 28 n. 3 (2021)</subfield>
</datafield>  <datafield tag="546" ind1=" " ind2=" ">
<subfield code="a">por</subfield>
</datafield>   <datafield tag="540" ind1=" " ind2=" ">
<subfield code="a">Copyright (c) 2021 Acta Fisiátrica</subfield>
</datafield>
</record>
</metadata>
</record>