
<record>
<header>
<identifier>oai:revistas.usp.br:article/188498</identifier>
<datestamp>2022-06-28T17:50:22Z</datestamp>
<setSpec>actafisiatrica:Art.+Orig.</setSpec>
<setSpec>driver</setSpec>
</header>
<metadata>
<record xmlns="http://www.loc.gov/MARC21/slim" xmlns:xsi="http://www.w3.org/2001/XMLSchema-instance" xsi:schemaLocation="http://www.loc.gov/MARC21/slim http://www.loc.gov/standards/marcxml/schema/MARC21slim.xsd">
<leader>     nmb a2200000Iu 4500</leader>
<controlfield tag="008">"220331 2022                        eng  "</controlfield>
<datafield tag="022" ind1="#" ind2="#">
<subfield code="$a">2317-0190</subfield>
</datafield>
<datafield tag="022" ind1="#" ind2="#">
<subfield code="$a">0104-7795</subfield>
</datafield>
<datafield tag="042" ind1=" " ind2=" ">
<subfield code="a">dc</subfield>
</datafield>
<datafield tag="245" ind1="0" ind2="0">
<subfield code="a">Efeitos do método Pilates na água em idosas: repercussão nos aspectos físicos e emocionais</subfield>
</datafield>  <datafield tag="720" ind1="1" ind2=" ">
<subfield code="a">Crivellaro, Alexssander Weber</subfield>
<subfield code="u">Universidade Franciscana</subfield></datafield>
<datafield tag="720" ind1="1" ind2=" ">
<subfield code="a">Tavares, Deise Iop</subfield>
<subfield code="u">Universidade Federal de Santa Maria</subfield></datafield>
<datafield tag="720" ind1="1" ind2=" ">
<subfield code="a">Santos, Tamires Daros dos</subfield>
<subfield code="u">Universidade Federal de Santa Maria</subfield></datafield>
<datafield tag="720" ind1="1" ind2=" ">
<subfield code="a">Vendrusculo, Alecsandra Pinheiro</subfield>
<subfield code="u">Universidade Franciscana</subfield></datafield>
<datafield tag="520" ind1=" " ind2=" ">
<subfield code="a"> Objetivo: Verificar os efeitos do método Pilates na Água na imagem corporal, autoestima, percepção acerca do envelhecimento, equilíbrio postural e força de preensão palmar em idosas. Método: Estudo descritivo, experimental, composto por 33 idosas residentes de uma cidade do interior do Rio Grande do Sul. Utilizou-se os seguintes questionários: Body Appreciation Scale (BAS) para a apreciação da imagem corporal, Escala de Autoestima de Rosenberg para avaliação da autoestima, Aging Perceptions Questionnaire (APQ) para a percepção em relação ao envelhecimento, Timed Up and Go (TUG) para o equilíbrio e dinamômetro digital portátil para avaliação da força de preensão palmar. O protocolo do Pilates na água foi realizado duas vezes na semana por um período de 36 semanas. Resultados: Cinco idosas (14,3%) apresentavam maior risco de quedas e após a intervenção, apenas duas idosas (5,7%). Quanto a dinamometria (pré 16,20 ± 5,07 KgF e pós 16,39 ± 5,30 KgF, p= 0,951) e a apreciação da imagem corporal (pré 4,9 (4,3-5,0) e pós 4,9 (4,7-5,0), p= 0,66) não apresentaram diferença significativa. A autoestima foi satisfatória (100%). A percepção das participantes sobre o envelhecimento propicia melhor qualidade de vida. Conclusão: É um recurso apropriado para idosos e capaz de gerar muitos benefícios. </subfield>
</datafield>
<datafield tag="260" ind1=" " ind2=" ">
<subfield code="b">Faculdade de Medicina, Universidade de São Paulo</subfield>
</datafield>
<dataField tag="260" ind1=" " ind2=" ">
<subfield code="c">2022-03-31 00:00:00</subfield>
</dataField>   <datafield tag="856" ind1=" " ind2=" ">
<subfield code="q">application/pdf</subfield>
</datafield>
<datafield tag="856" ind1=" " ind2=" ">
<subfield code="q">application/pdf</subfield>
</datafield>
<datafield tag="856" ind1="4" ind2="0">
<subfield code="u">https://www.revistas.usp.br/actafisiatrica/article/view/188498</subfield>
</datafield>  <datafield tag="786" ind1="0" ind2=" ">
<subfield code="n">Acta Fisiátrica; v. 29 n. 1 (2022)</subfield>
</datafield>  <datafield tag="546" ind1=" " ind2=" ">
<subfield code="a">por</subfield>
</datafield>   <datafield tag="540" ind1=" " ind2=" ">
<subfield code="a">Copyright (c) 2022 Acta Fisiátrica</subfield>
</datafield>
</record>
</metadata>
</record>