
<record>
<header>
<identifier>oai:revistas.usp.br:article/188822</identifier>
<datestamp>2022-06-28T17:50:22Z</datestamp>
<setSpec>actafisiatrica:Art.+Orig.</setSpec>
<setSpec>driver</setSpec>
</header>
<metadata>
<record xmlns="http://www.loc.gov/MARC21/slim" xmlns:xsi="http://www.w3.org/2001/XMLSchema-instance" xsi:schemaLocation="http://www.loc.gov/MARC21/slim http://www.loc.gov/standards/marcxml/schema/MARC21slim.xsd">
<leader>     nmb a2200000Iu 4500</leader>
<controlfield tag="008">"220331 2022                        eng  "</controlfield>
<datafield tag="022" ind1="#" ind2="#">
<subfield code="$a">2317-0190</subfield>
</datafield>
<datafield tag="022" ind1="#" ind2="#">
<subfield code="$a">0104-7795</subfield>
</datafield>
<datafield tag="042" ind1=" " ind2=" ">
<subfield code="a">dc</subfield>
</datafield>
<datafield tag="245" ind1="0" ind2="0">
<subfield code="a">Reabilitação pós-COVID-19: demandas dos pacientes e resultado da intervenção por equipe multidisciplinar</subfield>
</datafield>  <datafield tag="720" ind1="1" ind2=" ">
<subfield code="a">Crema, Chiara Maria Tha</subfield>
<subfield code="u">Hospital Angelina Caron</subfield></datafield>
<datafield tag="720" ind1="1" ind2=" ">
<subfield code="a">Hummelgen, Eduardo </subfield>
<subfield code="u">Hospital Angelina Caron</subfield></datafield>
<datafield tag="720" ind1="1" ind2=" ">
<subfield code="a">Demogalski, Luana Cristina Basso</subfield>
<subfield code="u">Hospital Angelina Caron</subfield></datafield>
<datafield tag="720" ind1="1" ind2=" ">
<subfield code="a">Cardoso, Luma</subfield>
<subfield code="u">Hospital Angelina Caron</subfield></datafield>
<datafield tag="720" ind1="1" ind2=" ">
<subfield code="a">Bauer, Claudia</subfield>
<subfield code="u">Hospital Angelina Caron</subfield></datafield>
<datafield tag="720" ind1="1" ind2=" ">
<subfield code="a">Nickel, Renato </subfield>
<subfield code="u">Universidade Federal do Paraná</subfield><subfield code="0">https://orcid.org/0000-0002-1786-1347</subfield></datafield>
<datafield tag="520" ind1=" " ind2=" ">
<subfield code="a"> Apesar de atingirem padrões de alta clínica, pacientes com COVID-19 não retomam as atividades cotidianas devido à incapacidade, sendo o processo de reabilitação de interesse dos serviços de saúde e sociedade. Objetivos: Descrever o nível de funcionalidade do paciente pós-Covid-19 e resultados de um processo de reabilitação multidisciplinar. Métodos: Estudo observacional, descritivo, de abordagem quantitativa, relativo à avaliação das demandas e processo de reabilitação interdisciplinar. Resultados: 22 pacientes participaram do estudo, idade 48,46 anos (±12,63), 50% homens, sendo que 81,8% apresentavam comorbidades e 95,5% sobrepeso ou algum grau de obesidade. Todos apresentaram diminuição na QV (SF36) e não alcançaram a distância média esperada para o teste de 6 minutos, 20 pacientes apresentaram dispnéia para realizar as atividades cotidianas e 21 apresentaram limitação na Escala de Status Funcional Pós-Covide19 (PCSF). O resultado do processo de reabilitação com 20 pacientes, mostrou na comparação antes e depois, diferenças significativas na força muscular (,000) PeakFlow Meter (,000), Berg (,000), Barthel (,001), teste 6 minutos para freqüência cardíaca (,002) e distância percorrida (,000). Na SF-36 para os domínios de Estado Geral da saúde (, 058) e Aspectos Emocionais (0,194) a diferença não foi significativa. Para as variáveis ordinais houve diferença significativa para PCSF (,000) e dispnéia (,000). Conclusão: O estudo aponta que a incapacidade do paciente teve maior correlação na entrada do serviço com o tempo de internação e que um processo de reabilitação interdisciplinar melhora na funcionalidade e QV do paciente com sequelas de Covid-19. </subfield>
</datafield>
<datafield tag="260" ind1=" " ind2=" ">
<subfield code="b">Faculdade de Medicina, Universidade de São Paulo</subfield>
</datafield>
<dataField tag="260" ind1=" " ind2=" ">
<subfield code="c">2022-03-31 00:00:00</subfield>
</dataField>   <datafield tag="856" ind1=" " ind2=" ">
<subfield code="q">application/pdf</subfield>
</datafield>
<datafield tag="856" ind1=" " ind2=" ">
<subfield code="q">application/pdf</subfield>
</datafield>
<datafield tag="856" ind1="4" ind2="0">
<subfield code="u">https://www.revistas.usp.br/actafisiatrica/article/view/188822</subfield>
</datafield>  <datafield tag="786" ind1="0" ind2=" ">
<subfield code="n">Acta Fisiátrica; v. 29 n. 1 (2022)</subfield>
</datafield>  <datafield tag="546" ind1=" " ind2=" ">
<subfield code="a">por</subfield>
</datafield>   <datafield tag="540" ind1=" " ind2=" ">
<subfield code="a">Copyright (c) 2022 Acta Fisiátrica</subfield>
</datafield>
</record>
</metadata>
</record>