
<record>
<header>
<identifier>oai:revistas.usp.br:article/188838</identifier>
<datestamp>2022-02-01T13:27:52Z</datestamp>
<setSpec>actafisiatrica:Art.+Rev.</setSpec>
<setSpec>driver</setSpec>
</header>
<metadata>
<record xmlns="http://www.loc.gov/MARC21/slim" xmlns:xsi="http://www.w3.org/2001/XMLSchema-instance" xsi:schemaLocation="http://www.loc.gov/MARC21/slim http://www.loc.gov/standards/marcxml/schema/MARC21slim.xsd">
<leader>     nmb a2200000Iu 4500</leader>
<controlfield tag="008">"210930 2021                        eng  "</controlfield>
<datafield tag="022" ind1="#" ind2="#">
<subfield code="$a">2317-0190</subfield>
</datafield>
<datafield tag="022" ind1="#" ind2="#">
<subfield code="$a">0104-7795</subfield>
</datafield>
<datafield tag="042" ind1=" " ind2=" ">
<subfield code="a">dc</subfield>
</datafield>
<datafield tag="245" ind1="0" ind2="0">
<subfield code="a">Métodos de treinamento aeróbicos e/ou resistidos para pessoas com amputação de membro inferior: uma revisão sistemática</subfield>
</datafield>  <datafield tag="720" ind1="1" ind2=" ">
<subfield code="a">Lima, David Braga de</subfield>
<subfield code="u">Universidade do Estado de Santa Catarina - UDESC</subfield><subfield code="0">https://orcid.org/0000-0002-2505-1133</subfield></datafield>
<datafield tag="720" ind1="1" ind2=" ">
<subfield code="a">Weber, Fernanda Matos</subfield>
<subfield code="u">Universidade do Estado de Santa Catarina - UDESC</subfield><subfield code="0">https://orcid.org/0000-0002-5878-3867</subfield></datafield>
<datafield tag="720" ind1="1" ind2=" ">
<subfield code="a">Caviquioni, Thamara</subfield>
<subfield code="u">Universidade do Estado de Santa Catarina - UDESC</subfield><subfield code="0">https://orcid.org/0000-0003-0733-0849</subfield></datafield>
<datafield tag="720" ind1="1" ind2=" ">
<subfield code="a">Silva, Guilherme Boese da</subfield>
<subfield code="u">Universidade do Estado de Santa Catarina - UDESC</subfield><subfield code="0">https://orcid.org/0000-0003-1046-4493</subfield></datafield>
<datafield tag="720" ind1="1" ind2=" ">
<subfield code="a">Santos, Patrícia Domingos dos</subfield>
<subfield code="u">Universidade do Estado de Santa Catarina - UDESC</subfield><subfield code="0">https://orcid.org/0000-0002-5157-9724</subfield></datafield>
<datafield tag="720" ind1="1" ind2=" ">
<subfield code="a">Silva, Franciele Cascaes da</subfield>
<subfield code="u">Universidade do Estado de Santa Catarina - UDESC</subfield><subfield code="0">https://orcid.org/0000-0002-4444-9403</subfield></datafield>
<datafield tag="720" ind1="1" ind2=" ">
<subfield code="a">Silva, Rudney da</subfield>
<subfield code="u">Universidade do Estado de Santa Catarina - UDESC</subfield><subfield code="0">https://orcid.org/0000-0002-9386-0039</subfield></datafield>
<datafield tag="520" ind1=" " ind2=" ">
<subfield code="a"> Indivíduos com amputação de membros inferiores apresentam complicações que podem provocar diminuição da força, mobilidade e equilíbrio, que afetam a capacidade de deambulação, a aptidão física e a funcionalidade. Assim, o treinamento adequado pode reduzir desequilíbrios e assimetrias, colaborando para a melhora a função e qualidade de vida desses indivíduos. Objetivo: Identificar quais os métodos de treinamento são mais utilizados nessa população. Método: Essa revisão seguiu as recomendações PRISMA. A avaliação metodológica dos estudos foi feita a partir da escala PEDro. Resultados: Sete estudos foram incluídos na revisão, quatro abordaram o treinamento resistido, dois o treinamento combinado e um o treinamento aeróbio. As intervenções de treinamento consistiram em exercícios de fortalecimento, alongamento, equilíbrio e coordenação, aptidão cardiorrespiratória e caminhada. Todos os treinamentos foram capazes de desempenhar melhoras, principalmente na mobilidade e equilíbrio. Conclusão: O treinamento resistido é o mais utilizado, entretanto, quanto mais dinâmico for o treinamento, melhor serão os resultados e melhor será a aderência. O treinamento deve conter exercícios de resistência para MMII, assim como componentes para a restauração de equilíbrio, mobilidade e aptidão cardiorrespiratória. </subfield>
</datafield>
<datafield tag="260" ind1=" " ind2=" ">
<subfield code="b">Faculdade de Medicina, Universidade de São Paulo</subfield>
</datafield>
<dataField tag="260" ind1=" " ind2=" ">
<subfield code="c">2021-09-30 00:00:00</subfield>
</dataField>   <datafield tag="856" ind1=" " ind2=" ">
<subfield code="q">application/pdf</subfield>
</datafield>
<datafield tag="856" ind1="4" ind2="0">
<subfield code="u">https://www.revistas.usp.br/actafisiatrica/article/view/188838</subfield>
</datafield>  <datafield tag="786" ind1="0" ind2=" ">
<subfield code="n">Acta Fisiátrica; v. 28 n. 3 (2021)</subfield>
</datafield>  <datafield tag="546" ind1=" " ind2=" ">
<subfield code="a">por</subfield>
</datafield>   <datafield tag="540" ind1=" " ind2=" ">
<subfield code="a">Copyright (c) 2021 Acta Fisiátrica</subfield>
</datafield>
</record>
</metadata>
</record>