
<record>
<header>
<identifier>oai:revistas.usp.br:article/188879</identifier>
<datestamp>2022-11-30T19:50:56Z</datestamp>
<setSpec>actafisiatrica:Art.+Orig.</setSpec>
<setSpec>driver</setSpec>
</header>
<metadata>
<record xmlns="http://www.loc.gov/MARC21/slim" xmlns:xsi="http://www.w3.org/2001/XMLSchema-instance" xsi:schemaLocation="http://www.loc.gov/MARC21/slim http://www.loc.gov/standards/marcxml/schema/MARC21slim.xsd">
<leader>     nmb a2200000Iu 4500</leader>
<controlfield tag="008">"220927 2022                        eng  "</controlfield>
<datafield tag="022" ind1="#" ind2="#">
<subfield code="$a">2317-0190</subfield>
</datafield>
<datafield tag="022" ind1="#" ind2="#">
<subfield code="$a">0104-7795</subfield>
</datafield>
<datafield tag="042" ind1=" " ind2=" ">
<subfield code="a">dc</subfield>
</datafield>
<datafield tag="245" ind1="0" ind2="0">
<subfield code="a">Tradução, adaptação transcultural e análise das propriedades de medida da versão português – brasileiro do questionário Cares of Older People in Europe Index (COPE Index)</subfield>
</datafield>  <datafield tag="720" ind1="1" ind2=" ">
<subfield code="a">Giannini, Juliana de Barros Lopes</subfield>
<subfield code="u">Faculdade de Ciências Médicas da Santa Casa de São Paulo</subfield></datafield>
<datafield tag="720" ind1="1" ind2=" ">
<subfield code="a">Freitas, Diego Galace de</subfield>
<subfield code="u">Faculdade de Ciências Médicas da Santa Casa de São Paulo</subfield><subfield code="0">https://orcid.org/0000-0002-9946-6112</subfield></datafield>
<datafield tag="720" ind1="1" ind2=" ">
<subfield code="a">Manzoni, Ana Carolina Taccolini</subfield>
<subfield code="u">Faculdade de Ciências Médicas da Santa Casa de São Paulo</subfield><subfield code="0">https://orcid.org/0000-0002-7830-0228</subfield></datafield>
<datafield tag="520" ind1=" " ind2=" ">
<subfield code="a"> Objetivo: Realizar a tradução e adaptação transcultural do COPE Index para o português-brasileiro e analisar as propriedades de medida do questionário em cuidadores de pacientes com deficiência de qualquer idade. Métodos: A primeira etapa foi a tradução e adaptação transcultural do questionário (n= 31). Seguida pela avaliação das propriedades de medida (n= 101). Os participantes foram cuidadores informais de pacientes com deficiência de qualquer idade, atendidos no Serviço de Reabilitação de Fisioterapia Neurofuncional e Musculoesquelética da Irmandade da Santa Casa de Misericórdia de São Paulo (ISCMSP). Os dados foram coletados entre agosto/2018 e dezembro/2019. A análise estatística foi feita pelo software SPSS®, versão 13.0. As entrevistas foram realizadas em três momentos diferentes, e todos responderam o Formulário Demográfico, COPE Index, Burden Interview – Zarit e WHOQOL – Bref. Resultados: Na primeira etapa, alguns termos foram discutidos na etapa de Comitê de experts, o teste da versão pré-final foi realizado e os participantes não tiveram dúvidas. Na segunda etapa, a consistência interna, medida pelo α de Cronbach, variou entre 0,54 a 0,67, a confiabilidade foi classificada como substancial (ICC= 0,81), os valores de erro de medida nos três domínios foram considerados muito bons, foi encontrada correlação moderada entre o Impacto Negativo e Burden Interview – Zarit, o Valor Positivo e Relações Sociais do WHOQOL – Bref e Qualidade de Suporte e WHOQOL – Bref, e foi encontrado efeito teto no Valor Positivo e Qualidade de Suporte. Conclusão: A tradução e adaptação do COPE Index se mostrou satisfatória, com valores moderados ao avaliar suas propriedades de medida, sugerindo seu uso no auxílio das equipes de saúde. </subfield>
</datafield>
<datafield tag="260" ind1=" " ind2=" ">
<subfield code="b">Faculdade de Medicina, Universidade de São Paulo</subfield>
</datafield>
<dataField tag="260" ind1=" " ind2=" ">
<subfield code="c">2022-09-27 11:51:32</subfield>
</dataField>   <datafield tag="856" ind1=" " ind2=" ">
<subfield code="q">application/pdf</subfield>
</datafield>
<datafield tag="856" ind1="4" ind2="0">
<subfield code="u">https://www.revistas.usp.br/actafisiatrica/article/view/188879</subfield>
</datafield>  <datafield tag="786" ind1="0" ind2=" ">
<subfield code="n">Acta Fisiátrica; v. 29 n. 3 (2022)</subfield>
</datafield>  <datafield tag="546" ind1=" " ind2=" ">
<subfield code="a">por</subfield>
</datafield>   <datafield tag="540" ind1=" " ind2=" ">
<subfield code="a">Copyright (c) 2022 Acta Fisiátrica</subfield>
</datafield>
</record>
</metadata>
</record>