
<record>
<header>
<identifier>oai:revistas.usp.br:article/189016</identifier>
<datestamp>2023-07-31T18:14:45Z</datestamp>
<setSpec>actafisiatrica:Rel.+Caso</setSpec>
<setSpec>driver</setSpec>
</header>
<metadata>
<record xmlns="http://www.loc.gov/MARC21/slim" xmlns:xsi="http://www.w3.org/2001/XMLSchema-instance" xsi:schemaLocation="http://www.loc.gov/MARC21/slim http://www.loc.gov/standards/marcxml/schema/MARC21slim.xsd">
<leader>     nmb a2200000Iu 4500</leader>
<controlfield tag="008">"230331 2023                        eng  "</controlfield>
<datafield tag="022" ind1="#" ind2="#">
<subfield code="$a">2317-0190</subfield>
</datafield>
<datafield tag="022" ind1="#" ind2="#">
<subfield code="$a">0104-7795</subfield>
</datafield>
<datafield tag="042" ind1=" " ind2=" ">
<subfield code="a">dc</subfield>
</datafield>
<datafield tag="245" ind1="0" ind2="0">
<subfield code="a">Análise da pisada e da marcha com o uso da órtese TheraTogs® em criança com paralisia cerebral atetóide: um relato de caso</subfield>
</datafield>  <datafield tag="720" ind1="1" ind2=" ">
<subfield code="a">Machado, Francine Zillmer</subfield>
<subfield code="u">Universidade Federal do Rio Grande do Sul</subfield></datafield>
<datafield tag="720" ind1="1" ind2=" ">
<subfield code="a"> Almeida, Carla Skilhan de</subfield>
<subfield code="u">Universidade Federal do Rio Grande do Sul</subfield></datafield>
<datafield tag="720" ind1="1" ind2=" ">
<subfield code="a">Gerzson, Laís Rodrigues</subfield>
<subfield code="u">Universidade Federal do Rio Grande do Sul</subfield></datafield>
<datafield tag="520" ind1=" " ind2=" ">
<subfield code="a"> Para crianças com paralisia cerebral (PC), as órteses assumem papel importante em seu desempenho funcional. Objetivo: Analisar a pisada estática e a marcha de uma criança com PC do tipo atetóide após uso diário do TheraTogs®. Método: Estudo de caso de um menino com nove anos de idade, PC do tipo atetóide, já possuía a veste terapêutica, mas não aplicava diariamente. Foi possível verificar dados do sujeito por meio de uma entrevista com a família e, para caracterização motora inicial, utilizou-se o Gross Motor Function Measure – 88. Para o diagnóstico e avaliação plantar, executou-se o baropodômetro e, na aferição cinemática da marcha, empregou-se a câmera Gopro Hero 7. O sujeito passou a usar de seis a 10 horas ao dia por oito semanas de forma sistemática e foi reavaliado. Resultado: O mesmo apresentou melhora na passada, redução da rotação externa de quadril e no apoio do pé direito (D) no solo. Na pisada estática, o ponto máximo de pressão ocorreu em retropé D, o centro de gravidade sofreu uma lateralização para a esquerda (E). No arco longitudinal ocorreu uma diminuição da carga, principalmente no médio pé D, onde a pressão maior foi no calcanhar. No médio pé E a descarga no arco longitudinal reduziu, mas ainda permaneceu. Conclusão: Foram encontradas mudanças na pisada estática e na marcha de um paciente com PC do tipo atetóide com uso diário, por oito semanas. São necessárias mais pesquisas que investiguem esse tema. </subfield>
</datafield>
<datafield tag="260" ind1=" " ind2=" ">
<subfield code="b">Faculdade de Medicina, Universidade de São Paulo</subfield>
</datafield>
<dataField tag="260" ind1=" " ind2=" ">
<subfield code="c">2023-03-31 00:00:00</subfield>
</dataField>   <datafield tag="856" ind1=" " ind2=" ">
<subfield code="q">application/pdf</subfield>
</datafield>
<datafield tag="856" ind1="4" ind2="0">
<subfield code="u">https://www.revistas.usp.br/actafisiatrica/article/view/189016</subfield>
</datafield>  <datafield tag="786" ind1="0" ind2=" ">
<subfield code="n">Acta Fisiátrica; v. 30 n. 1 (2023)</subfield>
</datafield>  <datafield tag="546" ind1=" " ind2=" ">
<subfield code="a">por</subfield>
</datafield>   <datafield tag="540" ind1=" " ind2=" ">
<subfield code="a">Copyright (c) 2023 Acta Fisiátrica</subfield>
</datafield>
</record>
</metadata>
</record>