
<record>
<header>
<identifier>oai:revistas.usp.br:article/189060</identifier>
<datestamp>2022-02-01T13:27:52Z</datestamp>
<setSpec>actafisiatrica:Art.+Orig.</setSpec>
<setSpec>driver</setSpec>
</header>
<metadata>
<record xmlns="http://www.loc.gov/MARC21/slim" xmlns:xsi="http://www.w3.org/2001/XMLSchema-instance" xsi:schemaLocation="http://www.loc.gov/MARC21/slim http://www.loc.gov/standards/marcxml/schema/MARC21slim.xsd">
<leader>     nmb a2200000Iu 4500</leader>
<controlfield tag="008">"210930 2021                        eng  "</controlfield>
<datafield tag="022" ind1="#" ind2="#">
<subfield code="$a">2317-0190</subfield>
</datafield>
<datafield tag="022" ind1="#" ind2="#">
<subfield code="$a">0104-7795</subfield>
</datafield>
<datafield tag="042" ind1=" " ind2=" ">
<subfield code="a">dc</subfield>
</datafield>
<datafield tag="245" ind1="0" ind2="0">
<subfield code="a">Fatores associados à depressão em pacientes amputados de membros inferiores no Estado de Santa Catarina - Brasil</subfield>
</datafield>  <datafield tag="720" ind1="1" ind2=" ">
<subfield code="a">Botelho, Mariana Francisco</subfield>
<subfield code="u">Universidade Federal de Santa Catarina - UFSC</subfield><subfield code="0">http://lattes.cnpq.br/6244895199742008</subfield><subfield code="0">https://orcid.org/0000-0002-9360-1213</subfield></datafield>
<datafield tag="720" ind1="1" ind2=" ">
<subfield code="a">Watanabe, Rafael Gustavo Sato</subfield>
<subfield code="u">Universidade Federal de Santa Catarina - UFSC</subfield><subfield code="0">https://orcid.org/0000-0003-1684-573X</subfield></datafield>
<datafield tag="720" ind1="1" ind2=" ">
<subfield code="a">Ferreira, Leticia Goulart </subfield>
<subfield code="u">Universidade Federal de Santa Catarina - UFSC</subfield><subfield code="0">https://orcid.org/0000-0002-6013-3783</subfield></datafield>
<datafield tag="720" ind1="1" ind2=" ">
<subfield code="a">Back, Isabela de Carlos </subfield>
<subfield code="u">Universidade Federal de Santa Catarina - UFSC</subfield><subfield code="0">https://orcid.org/0000-0003-4056-9528</subfield></datafield>
<datafield tag="720" ind1="1" ind2=" ">
<subfield code="a">Freitas, Sérgio Fernando Torres de</subfield>
<subfield code="u">Universidade Federal de Santa Catarina - UFSC</subfield><subfield code="0">https://orcid.org/0000-0002-8904-5998</subfield></datafield>
<datafield tag="520" ind1=" " ind2=" ">
<subfield code="a"> The amputation of the lower limbs and depression has been studied by different groups with a wide prevalence range and some variables were related to depressive symptoms. Depression and anxiety have been related with a major impact on adherence to rehabilitation, functional prognosis, and quality of life. Knowing the patients at highest odds of presenting depressive symptoms may favor an early approach and treatment, ultimately optimizing the rehabilitation process and social reintegration. Depression can be related to a lower rate of adaptation to the prosthesis and its use. Objective: To determine the association among demographic, socioeconomic, clinical variables with depressive symptoms in amputees before the prosthetic adaptation. Methods: A case-control study was performed to analyze variables associated with depression (Beck Depression Inventory-II) in lower limb amputees. Results: Patients with previous depression (OR= 17,08; CI95:2,14-136,28) and low socioeconomic class (OR= 3,04; CI95:1,24-7,47) are at highest odds of depression after amputation in the state of Santa Catarina. The model explained 71,4% of cases, classifying 88,1% of negative and 23,8% of positive cases. According to our model amputees recruited rarely presented the diagnosis of depression if they belong to a higher socioeconomic class and have no previous depression. On the other hand, patients who presented Brazilian low socioeconomic class D-E, and previous depression should be referenced to a psychological evaluation because they have a chance of depression, close to 1 in 4 cases. Conclusion: Previous depression and low social class were associated with the highest odds of depression after amputation in our population. </subfield>
</datafield>
<datafield tag="260" ind1=" " ind2=" ">
<subfield code="b">Faculdade de Medicina, Universidade de São Paulo</subfield>
</datafield>
<dataField tag="260" ind1=" " ind2=" ">
<subfield code="c">2021-09-30 00:00:00</subfield>
</dataField>   <datafield tag="856" ind1=" " ind2=" ">
<subfield code="q">application/pdf</subfield>
</datafield>
<datafield tag="856" ind1="4" ind2="0">
<subfield code="u">https://www.revistas.usp.br/actafisiatrica/article/view/189060</subfield>
</datafield>  <datafield tag="786" ind1="0" ind2=" ">
<subfield code="n">Acta Fisiátrica; v. 28 n. 3 (2021)</subfield>
</datafield>  <datafield tag="546" ind1=" " ind2=" ">
<subfield code="a">eng</subfield>
</datafield>   <datafield tag="540" ind1=" " ind2=" ">
<subfield code="a">Copyright (c) 2021 Acta Fisiátrica</subfield>
</datafield>
</record>
</metadata>
</record>