
<record>
<header>
<identifier>oai:revistas.usp.br:article/189166</identifier>
<datestamp>2023-04-17T17:41:07Z</datestamp>
<setSpec>actafisiatrica:Art.+Orig.</setSpec>
<setSpec>driver</setSpec>
</header>
<metadata>
<record xmlns="http://www.loc.gov/MARC21/slim" xmlns:xsi="http://www.w3.org/2001/XMLSchema-instance" xsi:schemaLocation="http://www.loc.gov/MARC21/slim http://www.loc.gov/standards/marcxml/schema/MARC21slim.xsd">
<leader>     nmb a2200000Iu 4500</leader>
<controlfield tag="008">"221228 2022                        eng  "</controlfield>
<datafield tag="022" ind1="#" ind2="#">
<subfield code="$a">2317-0190</subfield>
</datafield>
<datafield tag="022" ind1="#" ind2="#">
<subfield code="$a">0104-7795</subfield>
</datafield>
<datafield tag="042" ind1=" " ind2=" ">
<subfield code="a">dc</subfield>
</datafield>
<datafield tag="245" ind1="0" ind2="0">
<subfield code="a">Validade concorrente do Stroke Self-Efficacy Questionnaire Brazil (SSEQ-B) em brasileiros acometidos pelo acidente vascular cerebral</subfield>
</datafield>  <datafield tag="720" ind1="1" ind2=" ">
<subfield code="a">Deon, Pedro Henrique</subfield>
<subfield code="u">Pontifícia Universidade Católica do Rio Grande do Sul</subfield></datafield>
<datafield tag="720" ind1="1" ind2=" ">
<subfield code="a">Loss, Bianca Pacheco</subfield>
<subfield code="u">Pontifícia Universidade Católica do Rio Grande do Sul</subfield></datafield>
<datafield tag="720" ind1="1" ind2=" ">
<subfield code="a">Jaques, Eliana da Silva</subfield>
<subfield code="u">Pontifícia Universidade Católica do Rio Grande do Sul</subfield></datafield>
<datafield tag="720" ind1="1" ind2=" ">
<subfield code="a">Urbanetto, Janete de Souza</subfield>
<subfield code="u">Pontifícia Universidade Católica do Rio Grande do Sul</subfield></datafield>
<datafield tag="720" ind1="1" ind2=" ">
<subfield code="a">Makhoul, Marina Portugal</subfield>
<subfield code="u">Escola de Educação Física e Esporte. Universidade de São Paulo</subfield></datafield>
<datafield tag="720" ind1="1" ind2=" ">
<subfield code="a">Torriani-Pasin, Camila</subfield>
<subfield code="u">Escola de Educação Física e Esporte. Universidade de São Paulo</subfield></datafield>
<datafield tag="720" ind1="1" ind2=" ">
<subfield code="a">Mestriner, Régis Gemerasca</subfield>
<subfield code="u">Pontifícia Universidade Católica do Rio Grande do Sul</subfield></datafield>
<datafield tag="520" ind1=" " ind2=" ">
<subfield code="a"> The Stroke Self-Efficacy Questionnaire Brazil (SSEQ-B) is designed to assess the self-efficacy of functional performance after stroke. Objective: To evaluate the concurrent validity of the SSEQ-B in Brazilian stroke survivors in relation to gold-standard measures of instrumental and basic daily living activities as well as quality of life after stroke. Methods: The concurrent validity of the SSEQ-B was tested using the Frenchay Activity Index (FAI), Barthel Index (BI) and Stroke Specific Quality of Life Scale (SS-QOL). Descriptive statistics, the Spearman’s coefficient index, Intraclass correlation coefficient (ICC), Cronbach alpha and achieved post-hoc power (1-ß) analyses were conducted. Results: Seventy-five stroke survivors aged 66.64 ± 12.97 years were included in this study. Total scores from the SSEQ-B were strongly correlated with the FAI (ICC= 0.8 / r= 0.72 / 1-ß= 1.0) and BI (ICC= 0.68 / r= 0.68 / 1-ß= 0.99), but weakly correlated with SS-QOL (ICC= 0.46 / r= 0.65 / 1-ß= 0.94), which suggests stroke self-efficacy is more closely associated with instrumental and daily living activities than the quality of life. Conclusion: The SSEQ-B exhibits good concurrent validity with instrumental and daily living activities and could be useful when assessing stroke self-efficacy in Brazilians. </subfield>
</datafield>
<datafield tag="260" ind1=" " ind2=" ">
<subfield code="b">Faculdade de Medicina, Universidade de São Paulo</subfield>
</datafield>
<dataField tag="260" ind1=" " ind2=" ">
<subfield code="c">2022-12-28 00:00:00</subfield>
</dataField>   <datafield tag="856" ind1=" " ind2=" ">
<subfield code="q">application/pdf</subfield>
</datafield>
<datafield tag="856" ind1="4" ind2="0">
<subfield code="u">https://www.revistas.usp.br/actafisiatrica/article/view/189166</subfield>
</datafield>  <datafield tag="786" ind1="0" ind2=" ">
<subfield code="n">Acta Fisiátrica; v. 29 n. 4 (2022)</subfield>
</datafield>  <datafield tag="546" ind1=" " ind2=" ">
<subfield code="a">eng</subfield>
</datafield>   <datafield tag="540" ind1=" " ind2=" ">
<subfield code="a">Copyright (c) 2022 Acta Fisiátrica</subfield>
</datafield>
</record>
</metadata>
</record>