
<record>
<header>
<identifier>oai:revistas.usp.br:article/189214</identifier>
<datestamp>2022-09-27T14:54:06Z</datestamp>
<setSpec>actafisiatrica:Art.+Orig.</setSpec>
<setSpec>driver</setSpec>
</header>
<metadata>
<record xmlns="http://www.loc.gov/MARC21/slim" xmlns:xsi="http://www.w3.org/2001/XMLSchema-instance" xsi:schemaLocation="http://www.loc.gov/MARC21/slim http://www.loc.gov/standards/marcxml/schema/MARC21slim.xsd">
<leader>     nmb a2200000Iu 4500</leader>
<controlfield tag="008">"220628 2022                        eng  "</controlfield>
<datafield tag="022" ind1="#" ind2="#">
<subfield code="$a">2317-0190</subfield>
</datafield>
<datafield tag="022" ind1="#" ind2="#">
<subfield code="$a">0104-7795</subfield>
</datafield>
<datafield tag="042" ind1=" " ind2=" ">
<subfield code="a">dc</subfield>
</datafield>
<datafield tag="245" ind1="0" ind2="0">
<subfield code="a">Sintomas de ansiedade e depressão durante a pandemia da COVID-19: um estudo comparativo em função da prática de exercício e qualidade da alimentação</subfield>
</datafield>  <datafield tag="720" ind1="1" ind2=" ">
<subfield code="a">Oliveira, Daniel  Vicentini de</subfield>
<subfield code="u">Universidade Cesumar</subfield><subfield code="0">https://orcid.org/0000-0002-0272-9773</subfield></datafield>
<datafield tag="720" ind1="1" ind2=" ">
<subfield code="a">Santos, Natália Quevedo dos</subfield>
<subfield code="u">Universidade Cesumar</subfield></datafield>
<datafield tag="720" ind1="1" ind2=" ">
<subfield code="a">Freire, Gabriel Lucas Morais</subfield>
<subfield code="u">Universidade Federal do Vale do São Francisco</subfield></datafield>
<datafield tag="720" ind1="1" ind2=" ">
<subfield code="a">Nascimento Júnior, José Roberto Andrade do</subfield>
<subfield code="u">Universidade Federal do Vale do São Francisco</subfield></datafield>
<datafield tag="720" ind1="1" ind2=" ">
<subfield code="a">Fidelix, Yara Lucy</subfield>
<subfield code="u">Universidade Federal do Vale do São Francisco</subfield></datafield>
<datafield tag="720" ind1="1" ind2=" ">
<subfield code="a">Scarponi, Alice Pinheiro</subfield>
<subfield code="u">Universidade Cesumar</subfield></datafield>
<datafield tag="720" ind1="1" ind2=" ">
<subfield code="a">Bertolini, Sonia Maria Marques Gomes</subfield>
<subfield code="u">Universidade Cesumar</subfield></datafield>
<datafield tag="520" ind1=" " ind2=" ">
<subfield code="a"> Objetivo: Comparar os sintomas de ansiedade e depressão de adultos brasileiros durante a pandemia da COVID-19 em função da prática de exercício e qualidade da alimentação. Método: Pesquisa transversal e observacional, realizada com 1.118 adultos (18 a 59 anos) de diferentes regiões do Brasil. Foram utilizados um questionário com questões sociodemográficas, de prática de exercício físico, alimentação e isolamento social durante a pandemia da COVID-19. Foi utilizada também a Escala Hospitalar de Ansiedade e Depressão (HAD). Resultados: A análise de dados foi realizada por meio do teste Koolmogorov-Smirnov, teste de homogeneidade das variâncias de Levene e teste t independente (p&lt;0,05). Os indivíduos que reportaram que não praticavam exercício físico antes do isolamento social apresentaram maiores escores tanto de ansiedade quanto de depressão (p= 0,001). Já os indivíduos que reportaram estar praticando exercício durante o isolamento social apresentam menores escores tanto de ansiedade quanto de depressão (p= 0,001). Os indivíduos que reportaram estar ingerindo maior quantidade e pior qualidade de alimentos durante o isolamento, apresentam maiores escores em ambas as variáveis. Conclusão: A prática de exercício físico e a qualidade da alimentação demonstraram ser, possivelmente, fatores intervenientes nos sintomas de ansiedade e depressão antes e durante o período de isolamento social provocado pela pandemia da COVID-19. </subfield>
</datafield>
<datafield tag="260" ind1=" " ind2=" ">
<subfield code="b">Faculdade de Medicina, Universidade de São Paulo</subfield>
</datafield>
<dataField tag="260" ind1=" " ind2=" ">
<subfield code="c">2022-06-28 14:49:26</subfield>
</dataField>   <datafield tag="856" ind1=" " ind2=" ">
<subfield code="q">application/pdf</subfield>
</datafield>
<datafield tag="856" ind1=" " ind2=" ">
<subfield code="q">application/pdf</subfield>
</datafield>
<datafield tag="856" ind1="4" ind2="0">
<subfield code="u">https://www.revistas.usp.br/actafisiatrica/article/view/189214</subfield>
</datafield>  <datafield tag="786" ind1="0" ind2=" ">
<subfield code="n">Acta Fisiátrica; v. 29 n. 2 (2022)</subfield>
</datafield>  <datafield tag="546" ind1=" " ind2=" ">
<subfield code="a">por</subfield>
</datafield>   <datafield tag="540" ind1=" " ind2=" ">
<subfield code="a">Copyright (c) 2022 Acta Fisiátrica</subfield>
</datafield>
</record>
</metadata>
</record>