
<record>
<header>
<identifier>oai:revistas.usp.br:article/189769</identifier>
<datestamp>2022-11-30T19:50:56Z</datestamp>
<setSpec>actafisiatrica:Art.+Orig.</setSpec>
<setSpec>driver</setSpec>
</header>
<metadata>
<record xmlns="http://www.loc.gov/MARC21/slim" xmlns:xsi="http://www.w3.org/2001/XMLSchema-instance" xsi:schemaLocation="http://www.loc.gov/MARC21/slim http://www.loc.gov/standards/marcxml/schema/MARC21slim.xsd">
<leader>     nmb a2200000Iu 4500</leader>
<controlfield tag="008">"220927 2022                        eng  "</controlfield>
<datafield tag="022" ind1="#" ind2="#">
<subfield code="$a">2317-0190</subfield>
</datafield>
<datafield tag="022" ind1="#" ind2="#">
<subfield code="$a">0104-7795</subfield>
</datafield>
<datafield tag="042" ind1=" " ind2=" ">
<subfield code="a">dc</subfield>
</datafield>
<datafield tag="245" ind1="0" ind2="0">
<subfield code="a">Implantação de um protocolo de avaliação e acolhimento baseado na Classificação Internacional de Funcionalidade, Incapacidade e Saúde em um centro especializado de reabilitação</subfield>
</datafield>  <datafield tag="720" ind1="1" ind2=" ">
<subfield code="a">Zuqui, Aline Cáus</subfield>
<subfield code="u">Centro de Reabilitação Física do Espírito Santo</subfield></datafield>
<datafield tag="720" ind1="1" ind2=" ">
<subfield code="a">Vogler, Fernanda Mattos </subfield>
<subfield code="u">Centro de Reabilitação Física do Espírito Santo</subfield></datafield>
<datafield tag="720" ind1="1" ind2=" ">
<subfield code="a">Carmo, Julia Fabres do </subfield>
<subfield code="u">Instituto Capixaba de Ensino, Pesquisa e Inovação em Saúde</subfield><subfield code="0">https://orcid.org/0000-0003-0870-1859</subfield></datafield>
<datafield tag="720" ind1="1" ind2=" ">
<subfield code="a">Gomes, Crystian Moraes Silva</subfield>
<subfield code="u">Universidade Federal do Espírito Santo</subfield><subfield code="0">https://orcid.org/0000-0003-0675-0868</subfield></datafield>
<datafield tag="520" ind1=" " ind2=" ">
<subfield code="a"> O Protocolo de Levantamento de Problemas para a Reabilitação (PLPR) é um instrumento de triagem baseado no modelo da Classificação Internacional de Funcionalidade, Incapacidade e Saúde (CIF), que sistematiza o acolhimento e possibilita a formação de bancos de dados sobre as demandas funcionais dos usuários de serviços de reabilitação. Objetivo: Relatar e analisar a partir da percepção dos profissionais o processo de implantação do PLPR em uma Unidade de Tratamento Neurológico Adulto de um Centro Especializado de Reabilitação (CER II). Métodos: Trata-se de uma pesquisa descritiva exploratória do tipo qualitativa. Para coleta dos dados foram utilizadas informações documentais e um grupo focal, adotado para compreender a percepção dos profissionais sobre as mudanças no processo de triagem após implementação do PLPR. Utilizou-se como ferramentas de processamento dos dados o software IRAMUTEQ. Resultados: A classificação hierárquica descendente apresentou cinco categorias temáticas de análise: Fluxo e Rede; Acolhimento e Cuidado; PLPR; Triagem; Reabilitação. Conclusão: A falta de uma rede de cuidados à pessoa com deficiência constituída e consolidada foi apontada como uma barreira importante que influencia o processo de reabilitação. A equipe demonstrou compreender a necessidade de reformular os atendimentos, através do modelo conceitual da CIF. Ressaltando que a aplicação do PLPR foi a primeira ação de estruturação deste modelo no serviço, todavia, não houve um consenso se o uso do instrumento promoveu um atendimento mais próximo deste modelo. </subfield>
</datafield>
<datafield tag="260" ind1=" " ind2=" ">
<subfield code="b">Faculdade de Medicina, Universidade de São Paulo</subfield>
</datafield>
<dataField tag="260" ind1=" " ind2=" ">
<subfield code="c">2022-09-27 11:51:32</subfield>
</dataField>   <datafield tag="856" ind1=" " ind2=" ">
<subfield code="q">application/pdf</subfield>
</datafield>
<datafield tag="856" ind1="4" ind2="0">
<subfield code="u">https://www.revistas.usp.br/actafisiatrica/article/view/189769</subfield>
</datafield>  <datafield tag="786" ind1="0" ind2=" ">
<subfield code="n">Acta Fisiátrica; v. 29 n. 3 (2022)</subfield>
</datafield>  <datafield tag="546" ind1=" " ind2=" ">
<subfield code="a">por</subfield>
</datafield>   <datafield tag="540" ind1=" " ind2=" ">
<subfield code="a">Copyright (c) 2022 Acta Fisiátrica</subfield>
</datafield>
</record>
</metadata>
</record>