
<record>
<header>
<identifier>oai:revistas.usp.br:article/189811</identifier>
<datestamp>2023-04-17T17:41:07Z</datestamp>
<setSpec>actafisiatrica:Art.+Orig.</setSpec>
<setSpec>driver</setSpec>
</header>
<metadata>
<record xmlns="http://www.loc.gov/MARC21/slim" xmlns:xsi="http://www.w3.org/2001/XMLSchema-instance" xsi:schemaLocation="http://www.loc.gov/MARC21/slim http://www.loc.gov/standards/marcxml/schema/MARC21slim.xsd">
<leader>     nmb a2200000Iu 4500</leader>
<controlfield tag="008">"221228 2022                        eng  "</controlfield>
<datafield tag="022" ind1="#" ind2="#">
<subfield code="$a">2317-0190</subfield>
</datafield>
<datafield tag="022" ind1="#" ind2="#">
<subfield code="$a">0104-7795</subfield>
</datafield>
<datafield tag="042" ind1=" " ind2=" ">
<subfield code="a">dc</subfield>
</datafield>
<datafield tag="245" ind1="0" ind2="0">
<subfield code="a">Reabilitação e atenção à pessoa com deficiência na atenção primária à saúde no Brasil: dados do 2º e 3º ciclos do Programa de Avaliação da Qualidade a Atenção Básica</subfield>
</datafield>  <datafield tag="720" ind1="1" ind2=" ">
<subfield code="a">Carvalho, Bruna Lilian Severino </subfield>
<subfield code="u">Associação Mineira de Reabilitação</subfield><subfield code="0">https://orcid.org/0000-0003-0308-5313</subfield></datafield>
<datafield tag="720" ind1="1" ind2=" ">
<subfield code="a">Nascimento, Ana Luiza Maia </subfield>
<subfield code="u">Associação Mineira de Reabilitação</subfield><subfield code="0">https://orcid.org/0000-0002-3913-2129</subfield></datafield>
<datafield tag="720" ind1="1" ind2=" ">
<subfield code="a">Silva, Silvia Lanziotti Azevedo</subfield>
<subfield code="u">Universidade Federal de Juiz de Fora</subfield><subfield code="0">https://orcid.org/0000-0002-2323-2029</subfield></datafield>
<datafield tag="720" ind1="1" ind2=" ">
<subfield code="a">Brandão, Celso Brendo Furtado </subfield>
<subfield code="u">Universidade Federal da Paraíba</subfield><subfield code="0">https://orcid.org/0000-0001-8591-794X</subfield></datafield>
<datafield tag="720" ind1="1" ind2=" ">
<subfield code="a">Silva, Laíze Gabriele de Castro </subfield>
<subfield code="u">Universidade Federal da Paraíba</subfield><subfield code="0">https://orcid.org/0000-0002-1708-0786</subfield></datafield>
<datafield tag="720" ind1="1" ind2=" ">
<subfield code="a">Moreira, Lorrane Brunelle </subfield>
<subfield code="u">Universidade Federal de Alfenas</subfield></datafield>
<datafield tag="720" ind1="1" ind2=" ">
<subfield code="a">Brito, Geraldo Eduardo Guedes de </subfield>
<subfield code="u">Universidade Federal da Paraíba</subfield><subfield code="0">https://orcid.org/0000-0002-3059-3164</subfield></datafield>
<datafield tag="520" ind1=" " ind2=" ">
<subfield code="a"> Objetivo: Descrever e comparar ações de atenção e reabilitação na Atenção Primaria à Saúde (APS) direcionados à Pessoa com Deficiência (PCD) no Brasil. Métodos: Dados do Programa de Avaliação da Qualidade na Atenção Básica (PMAQ-AB). Foi realizada uma análise com base no Módulo IV do 2º (2015) e do 3º (2018) Ciclo do PMAQ-AB. Foram realizadas comparações da avaliação positiva (“sim”) dos cuidados prestados à PCD na APS, através do cálculo a Razão de Prevalência (RP), admitindo o 2º Ciclo como categoria de referência e considerando dados nacionais e das cinco regiões geográficas. Resultados: A prevalência de repostas afirmativas para atenção à PCD aumentou no 3º ciclo no cenário nacional em relação ao apoio em ações direcionadas à PCD, avaliação e adaptação no domicílio e promoção da inserção da PCD em atividades de esporte e lazer. A prevalência de ações de reabilitação na APS no Brasil também aumentou. O cenário das mudanças no cuidado à PCD foi diferente entre as regiões brasileiras. A região Nordeste foi a que mais aumentou o percentual de ações de atenção à PCD, seguindo o padrão nacional, e ainda incluindo aumento no encaminhamento para uso de próteses/órteses e dispositivos de auxílio. Conclusão: Para a maioria das atividades avaliadas, houve aumento da prevalência de sua realização entre as avaliações do 2º e 3º ciclos do PMAQ-AB, entretanto há necessidade ainda de ampliar a oferta e o serviço de algumas atividades na maioria das regiões do país, favorecendo o cuidado integral à PCD. </subfield>
</datafield>
<datafield tag="260" ind1=" " ind2=" ">
<subfield code="b">Faculdade de Medicina, Universidade de São Paulo</subfield>
</datafield>
<dataField tag="260" ind1=" " ind2=" ">
<subfield code="c">2022-12-28 00:00:00</subfield>
</dataField>   <datafield tag="856" ind1=" " ind2=" ">
<subfield code="q">application/pdf</subfield>
</datafield>
<datafield tag="856" ind1=" " ind2=" ">
<subfield code="q">application/pdf</subfield>
</datafield>
<datafield tag="856" ind1="4" ind2="0">
<subfield code="u">https://www.revistas.usp.br/actafisiatrica/article/view/189811</subfield>
</datafield>  <datafield tag="786" ind1="0" ind2=" ">
<subfield code="n">Acta Fisiátrica; v. 29 n. 4 (2022)</subfield>
</datafield>  <datafield tag="546" ind1=" " ind2=" ">
<subfield code="a">por</subfield>
</datafield>   <datafield tag="540" ind1=" " ind2=" ">
<subfield code="a">Copyright (c) 2022 Acta Fisiátrica</subfield>
</datafield>
</record>
</metadata>
</record>