
<record>
<header>
<identifier>oai:revistas.usp.br:article/190072</identifier>
<datestamp>2022-04-01T15:27:54Z</datestamp>
<setSpec>actafisiatrica:Art.+Orig.</setSpec>
<setSpec>driver</setSpec>
</header>
<metadata>
<record xmlns="http://www.loc.gov/MARC21/slim" xmlns:xsi="http://www.w3.org/2001/XMLSchema-instance" xsi:schemaLocation="http://www.loc.gov/MARC21/slim http://www.loc.gov/standards/marcxml/schema/MARC21slim.xsd">
<leader>     nmb a2200000Iu 4500</leader>
<controlfield tag="008">"211231 2021                        eng  "</controlfield>
<datafield tag="022" ind1="#" ind2="#">
<subfield code="$a">2317-0190</subfield>
</datafield>
<datafield tag="022" ind1="#" ind2="#">
<subfield code="$a">0104-7795</subfield>
</datafield>
<datafield tag="042" ind1=" " ind2=" ">
<subfield code="a">dc</subfield>
</datafield>
<datafield tag="245" ind1="0" ind2="0">
<subfield code="a">A efetividade do método Pilates no tratamento da dor lombar crônica inespecífica: ensaio clínico randomizado</subfield>
</datafield>  <datafield tag="720" ind1="1" ind2=" ">
<subfield code="a">Machado, Eliane de Morais</subfield>
<subfield code="u">Pontifícia Universidade Católica de Minas Gerais</subfield><subfield code="0">https://orcid.org/0000-0003-1259-1701</subfield></datafield>
<datafield tag="720" ind1="1" ind2=" ">
<subfield code="a">Bralia Caetano, Carla</subfield>
<subfield code="u">Pontifícia Universidade Católica de Minas Gerais</subfield><subfield code="0">https://orcid.org/0000-0002-6683-7896</subfield></datafield>
<datafield tag="720" ind1="1" ind2=" ">
<subfield code="a">Freitas, Luana Matias de </subfield>
<subfield code="u">Pontifícia Universidade Católica de Minas Gerais</subfield><subfield code="0">https://orcid.org/0000-0003-1154-9288</subfield></datafield>
<datafield tag="720" ind1="1" ind2=" ">
<subfield code="a">Souza, Cristielly Helena de</subfield>
<subfield code="u">Pontifícia Universidade Católica de Minas Gerais</subfield><subfield code="0">https://orcid.org/0000-0001-9970-8866</subfield></datafield>
<datafield tag="720" ind1="1" ind2=" ">
<subfield code="a">Santos , Marilene Mendes dos</subfield>
<subfield code="u">Pontifícia Universidade Católica de Minas Gerais</subfield><subfield code="0">https://orcid.org/0000-0003-0002-2413</subfield></datafield>
<datafield tag="520" ind1=" " ind2=" ">
<subfield code="a"> A dor lombar crônica é um problema de saúde pública. Intervenções voltadas para seu tratamento envolvem tanto exercícios quanto a educação do indivíduo. Objetivo: Avaliar a efetividade de um protocolo de exercícios do método Pilates e do programa “Escola de Coluna” na redução dor e incapacidade funcional, na melhora da qualidade de vida, flexibilidade e qualidade do sono em indivíduos com dor lombar crônica inespecífica. Método: Ensaio controlado aleatorizado, 84 indivíduos com dor lombar crônica. Os participantes foram aleatoriamente alocados no Grupo Pilates (n= 43) ou Grupo Controle (n= 41). Os desfechos primários foram dor (Escala Visual Numérica), incapacidade funcional (Roland-Morris Disability Questionnaire - RMDQ) e qualidade de vida (SF-36). Os desfechos secundários foram flexibilidade (teste do 3o dedo ao chão) e qualidade do sono (Pittsburgh Sleep Quality Index - PSQI). Resultados: O Grupo Pilates foi superior ao Grupo Controle (p &lt; 0,05) na intensidade da dor, incapacidade funcional, flexibilidade e em cinco domínios de qualidade de vida (capacidade funcional, aspectos físicos, dor, vitalidade e estado geral de saúde). Não houve diferença entre os grupos para a qualidade do sono. Conclusão: Exercícios do método Pilates podem ser considerados como uma alternativa de intervenção para indivíduos com dor lombar crônica não específica. O Grupo Pilates foi superior ao programa &quot;Escola de Coluna&quot; nos desfechos dor, incapacidade funcional, flexibilidade e em cinco domínios de qualidade de vida. Devido à baixa aderência às intervenções propostas, alternativas para melhorar a aderência devem ser estabelecidas em estudos futuros. </subfield>
</datafield>
<datafield tag="260" ind1=" " ind2=" ">
<subfield code="b">Faculdade de Medicina, Universidade de São Paulo</subfield>
</datafield>
<dataField tag="260" ind1=" " ind2=" ">
<subfield code="c">2021-12-31 00:00:00</subfield>
</dataField>   <datafield tag="856" ind1=" " ind2=" ">
<subfield code="q">application/pdf</subfield>
</datafield>
<datafield tag="856" ind1=" " ind2=" ">
<subfield code="q">application/pdf</subfield>
</datafield>
<datafield tag="856" ind1="4" ind2="0">
<subfield code="u">https://www.revistas.usp.br/actafisiatrica/article/view/190072</subfield>
</datafield>  <datafield tag="786" ind1="0" ind2=" ">
<subfield code="n">Acta Fisiátrica; v. 28 n. 4 (2021)</subfield>
</datafield>  <datafield tag="546" ind1=" " ind2=" ">
<subfield code="a">por</subfield>
</datafield>   <datafield tag="540" ind1=" " ind2=" ">
<subfield code="a">Copyright (c) 2021 Acta Fisiátrica</subfield>
</datafield>
</record>
</metadata>
</record>