
<record>
<header>
<identifier>oai:revistas.usp.br:article/190469</identifier>
<datestamp>2021-09-08T17:20:01Z</datestamp>
<setSpec>actafisiatrica:Art.+Rev.</setSpec>
<setSpec>driver</setSpec>
</header>
<metadata>
<record xmlns="http://www.loc.gov/MARC21/slim" xmlns:xsi="http://www.w3.org/2001/XMLSchema-instance" xsi:schemaLocation="http://www.loc.gov/MARC21/slim http://www.loc.gov/standards/marcxml/schema/MARC21slim.xsd">
<leader>     nmb a2200000Iu 4500</leader>
<controlfield tag="008">"980803 1998                        eng  "</controlfield>
<datafield tag="022" ind1="#" ind2="#">
<subfield code="$a">2317-0190</subfield>
</datafield>
<datafield tag="022" ind1="#" ind2="#">
<subfield code="$a">0104-7795</subfield>
</datafield>
<datafield tag="042" ind1=" " ind2=" ">
<subfield code="a">dc</subfield>
</datafield>
<datafield tag="245" ind1="0" ind2="0">
<subfield code="a">Eletromiografia de fibra única, breve relato da técnica e sua aplicação clínica</subfield>
</datafield>  <datafield tag="100" ind1="1" ind2=" ">
<subfield code="a">Garbino, José Antonio </subfield>
<subfield code="u">Instituto Lauro de Souza Lima - ILSL</subfield></datafield>
<datafield tag="520" ind1=" " ind2=" ">
<subfield code="a"> O autor relata brevemente a história do desenvolvimento da técnica do estudo da fibra muscular isoladamente, a eletromiografia da fibra única (EMGFU). Descreve o fenômeno jitter e sua obtenção, e também o estudo da densidade de fibras em uma unidade motora. Apresenta ainda o padrão normal para o músculoExtensor Digitorum Communis, realizado em seu laboratório. E finalmente discute a sua aplicação clínica em nosso meio. </subfield>
</datafield>
<datafield tag="260" ind1=" " ind2=" ">
<subfield code="b">Faculdade de Medicina, Universidade de São Paulo</subfield>
</datafield>
<dataField tag="260" ind1=" " ind2=" ">
<subfield code="c">1998-08-03 00:00:00</subfield>
</dataField>   <datafield tag="856" ind1=" " ind2=" ">
<subfield code="q">application/pdf</subfield>
</datafield>
<datafield tag="856" ind1="4" ind2="0">
<subfield code="u">https://www.revistas.usp.br/actafisiatrica/article/view/190469</subfield>
</datafield>  <datafield tag="786" ind1="0" ind2=" ">
<subfield code="n">Acta Fisiátrica; v. 5 n. 2 (1998)</subfield>
</datafield>  <datafield tag="546" ind1=" " ind2=" ">
<subfield code="a">por</subfield>
</datafield>   <datafield tag="540" ind1=" " ind2=" ">
<subfield code="a">Copyright (c) 1998 Acta Fisiátrica</subfield>
</datafield>
</record>
</metadata>
</record>