
<record>
<header>
<identifier>oai:revistas.usp.br:article/190481</identifier>
<datestamp>2022-04-01T15:27:54Z</datestamp>
<setSpec>actafisiatrica:Art.+Orig.</setSpec>
<setSpec>driver</setSpec>
</header>
<metadata>
<record xmlns="http://www.loc.gov/MARC21/slim" xmlns:xsi="http://www.w3.org/2001/XMLSchema-instance" xsi:schemaLocation="http://www.loc.gov/MARC21/slim http://www.loc.gov/standards/marcxml/schema/MARC21slim.xsd">
<leader>     nmb a2200000Iu 4500</leader>
<controlfield tag="008">"211231 2021                        eng  "</controlfield>
<datafield tag="022" ind1="#" ind2="#">
<subfield code="$a">2317-0190</subfield>
</datafield>
<datafield tag="022" ind1="#" ind2="#">
<subfield code="$a">0104-7795</subfield>
</datafield>
<datafield tag="042" ind1=" " ind2=" ">
<subfield code="a">dc</subfield>
</datafield>
<datafield tag="245" ind1="0" ind2="0">
<subfield code="a">O treinamento resistido reduz a dor em mulheres com fibromialgia</subfield>
</datafield>  <datafield tag="720" ind1="1" ind2=" ">
<subfield code="a">Andrade, Alexandro </subfield>
<subfield code="u">Universidade do Estado de Santa Catarina - UDESC</subfield><subfield code="0">https://orcid.org/0000-0002-6640-9314</subfield></datafield>
<datafield tag="720" ind1="1" ind2=" ">
<subfield code="a">Sieczkowska, Sofia Mendes</subfield>
<subfield code="u">Universidade do Estado de Santa Catarina - UDESC</subfield><subfield code="0">https://orcid.org/0000-0002-4869-318X</subfield></datafield>
<datafield tag="720" ind1="1" ind2=" ">
<subfield code="a">Silva, Flávia Aguiar da </subfield>
<subfield code="u">Universidade do Estado de Santa Catarina - UDESC</subfield><subfield code="0">https://orcid.org/0000-0002-5675-5555</subfield></datafield>
<datafield tag="720" ind1="1" ind2=" ">
<subfield code="a">Vilarino, Guilherme Torres</subfield>
<subfield code="u">Universidade do Estado de Santa Catarina - UDESC</subfield><subfield code="0">https://orcid.org/0000-0002-0879-6723</subfield></datafield>
<datafield tag="520" ind1=" " ind2=" ">
<subfield code="a"> O treinamento resistido (TR) é uma estratégia de intervenção para o tratamento da fibromialgia (FM) que possui baixo custo, fácil acesso, fácil aplicação e efeito positivo na manutenção geral da saúde. Objetivo: Investigar o efeito de quatro semanas de TR na dor de pacientes com FM. Método: Trata-se de um ensaio clínico controlado não randomizado com cinquenta e quatro mulheres com FM (idade: 53,74 ± 8,54 anos). As pacientes foram alocadas no grupo intervenção (n= 33) e no grupo controle (n= 21). A intervenção consistiu em quatro semanas de um programa de TR supervisionado. Para a avaliação da dor foi utilizado um algômetro e a escala visual analógica. Para avaliar as diferenças após a intervenção, foi utilizada a ANOVA de dois fatores. Resultados: Os pacientes do grupo intervenção tiveram redução significativa da percepção da dor e aumento do limiar de dor, mas não houve diferença quando comparados ao grupo controle. Conclusão: A prática do TR por quatro semanas reduz a dor de pacientes com FM, entretanto, não foram encontradas diferenças significativas com o grupo controle. Por esse motivo, os resultados significativos deste estudo devem ser considerados com cautela, reforçando a necessidade de novos estudos. </subfield>
</datafield>
<datafield tag="260" ind1=" " ind2=" ">
<subfield code="b">Faculdade de Medicina, Universidade de São Paulo</subfield>
</datafield>
<dataField tag="260" ind1=" " ind2=" ">
<subfield code="c">2021-12-31 00:00:00</subfield>
</dataField>   <datafield tag="856" ind1=" " ind2=" ">
<subfield code="q">application/pdf</subfield>
</datafield>
<datafield tag="856" ind1="4" ind2="0">
<subfield code="u">https://www.revistas.usp.br/actafisiatrica/article/view/190481</subfield>
</datafield>  <datafield tag="786" ind1="0" ind2=" ">
<subfield code="n">Acta Fisiátrica; v. 28 n. 4 (2021)</subfield>
</datafield>  <datafield tag="546" ind1=" " ind2=" ">
<subfield code="a">por</subfield>
</datafield>   <datafield tag="540" ind1=" " ind2=" ">
<subfield code="a">Copyright (c) 2021 Acta Fisiátrica</subfield>
</datafield>
</record>
</metadata>
</record>