
<record>
<header>
<identifier>oai:revistas.usp.br:article/190587</identifier>
<datestamp>2022-09-27T14:54:06Z</datestamp>
<setSpec>actafisiatrica:Art.+Orig.</setSpec>
<setSpec>driver</setSpec>
</header>
<metadata>
<record xmlns="http://www.loc.gov/MARC21/slim" xmlns:xsi="http://www.w3.org/2001/XMLSchema-instance" xsi:schemaLocation="http://www.loc.gov/MARC21/slim http://www.loc.gov/standards/marcxml/schema/MARC21slim.xsd">
<leader>     nmb a2200000Iu 4500</leader>
<controlfield tag="008">"220628 2022                        eng  "</controlfield>
<datafield tag="022" ind1="#" ind2="#">
<subfield code="$a">2317-0190</subfield>
</datafield>
<datafield tag="022" ind1="#" ind2="#">
<subfield code="$a">0104-7795</subfield>
</datafield>
<datafield tag="042" ind1=" " ind2=" ">
<subfield code="a">dc</subfield>
</datafield>
<datafield tag="245" ind1="0" ind2="0">
<subfield code="a">Fatores clínicos e sociodemográficos associados a recuperação da marcha de indivíduos após acidente vascular cerebral trombolisado na fase aguda</subfield>
</datafield>  <datafield tag="720" ind1="1" ind2=" ">
<subfield code="a">Silva, Alana das Mercês</subfield>
<subfield code="u">Hospital Geral Roberto Santos</subfield></datafield>
<datafield tag="720" ind1="1" ind2=" ">
<subfield code="a">Anjos, Jorge Luis Motta dos</subfield>
<subfield code="u">Universidade Federal da Bahia</subfield></datafield>
<datafield tag="720" ind1="1" ind2=" ">
<subfield code="a">Bernardes, Lemuel</subfield>
<subfield code="u">Hospital Geral Roberto Santos</subfield></datafield>
<datafield tag="720" ind1="1" ind2=" ">
<subfield code="a">Aguiar, Lívia</subfield>
<subfield code="u">Hospital Geral Roberto Santos</subfield></datafield>
<datafield tag="720" ind1="1" ind2=" ">
<subfield code="a">Nascimento, Carla Ferreira do</subfield>
<subfield code="u">Hospital Geral Roberto Santos</subfield></datafield>
<datafield tag="520" ind1=" " ind2=" ">
<subfield code="a"> O tratamento trombolítico promove reperfusão cerebral após (acidente vascular cerebral) AVC isquêmico, e é considerado o tratamento mais eficaz na fase aguda, estando associado a melhores desfechos clínicos e funcionais. Entre as principais sequelas após AVC estão a hemiparesia e o déficit de equilíbrio, que repercutem diretamente na locomoção do indivíduo. Objetivo: Investigar quais fatores estão associados com a recuperação da marcha na fase aguda do AVC trombolisado. Métodos: Trata-se de um estudo longitudinal, com 32 indivíduos na fase aguda do AVC trombolisado. Os indivíduos foram avaliados nas primeiras horas após terem sido submetidos à terapia trombolítica, e após 7 dias ou no momento da alta da unidade de internamento. Resultados: O desfecho principal foi a presença ou não de marcha independente até o sétimo dia de internamento ou até a alta da unidade. A variável resposta foi o número de dias necessário para recuperar a marcha, sendo analisada em 3 categorias: &quot;1 dia”, “2 dias” e “3 ou mais dias”. Dos 32 indivíduos da amostra apenas 4 não andaram em até 7 dias após o AVC e cerca de 50% andou no primeiro dia de internamento. Houve associação significativa entre a Escala de Equilíbrio de Berg e o tempo para andar. Conclusão: O estudo sugere que a maioria dos indivíduos submetidos à trombólise para tratamento de AVC isquêmico recupera a capacidade de andar dentro de sete dias da ocorrência do evento, e que esta recuperação está associada ao equilíbrio nas primeiras horas após o AVC. </subfield>
</datafield>
<datafield tag="260" ind1=" " ind2=" ">
<subfield code="b">Faculdade de Medicina, Universidade de São Paulo</subfield>
</datafield>
<dataField tag="260" ind1=" " ind2=" ">
<subfield code="c">2022-06-28 14:49:26</subfield>
</dataField>   <datafield tag="856" ind1=" " ind2=" ">
<subfield code="q">application/pdf</subfield>
</datafield>
<datafield tag="856" ind1="4" ind2="0">
<subfield code="u">https://www.revistas.usp.br/actafisiatrica/article/view/190587</subfield>
</datafield>  <datafield tag="786" ind1="0" ind2=" ">
<subfield code="n">Acta Fisiátrica; v. 29 n. 2 (2022)</subfield>
</datafield>  <datafield tag="546" ind1=" " ind2=" ">
<subfield code="a">por</subfield>
</datafield>   <datafield tag="540" ind1=" " ind2=" ">
<subfield code="a">Copyright (c) 2022 Acta Fisiátrica</subfield>
</datafield>
</record>
</metadata>
</record>