
<record>
<header>
<identifier>oai:revistas.usp.br:article/190859</identifier>
<datestamp>2022-04-01T15:27:54Z</datestamp>
<setSpec>actafisiatrica:Art.+Orig.</setSpec>
<setSpec>driver</setSpec>
</header>
<metadata>
<record xmlns="http://www.loc.gov/MARC21/slim" xmlns:xsi="http://www.w3.org/2001/XMLSchema-instance" xsi:schemaLocation="http://www.loc.gov/MARC21/slim http://www.loc.gov/standards/marcxml/schema/MARC21slim.xsd">
<leader>     nmb a2200000Iu 4500</leader>
<controlfield tag="008">"211231 2021                        eng  "</controlfield>
<datafield tag="022" ind1="#" ind2="#">
<subfield code="$a">2317-0190</subfield>
</datafield>
<datafield tag="022" ind1="#" ind2="#">
<subfield code="$a">0104-7795</subfield>
</datafield>
<datafield tag="042" ind1=" " ind2=" ">
<subfield code="a">dc</subfield>
</datafield>
<datafield tag="245" ind1="0" ind2="0">
<subfield code="a">Relação entre dependência para realização de atividades básicas de vida diária e risco de sarcopenia em idosos internados</subfield>
</datafield>  <datafield tag="720" ind1="1" ind2=" ">
<subfield code="a">Licoviski, Pamela Tainá</subfield>
<subfield code="u">Hospital Universitário Regional dos Campos Gerais - HURCG</subfield><subfield code="0">https://orcid.org/0000-0002-4362-701X</subfield></datafield>
<datafield tag="720" ind1="1" ind2=" ">
<subfield code="a">Bordin, Danielle </subfield>
<subfield code="u">Universidade Estadual de Ponta Grossa - UEPG</subfield><subfield code="0">https://orcid.org/0000-0001-7861-0384</subfield></datafield>
<datafield tag="720" ind1="1" ind2=" ">
<subfield code="a">Mazzo, Débora Melo</subfield>
<subfield code="u">Hospital Universitário Regional dos Campos Gerais - HURCG</subfield><subfield code="0">https://orcid.org/0000-0002-1728-7648</subfield></datafield>
<datafield tag="520" ind1=" " ind2=" ">
<subfield code="a"> O processo de envelhecimento pode ser influenciado pelo estilo de vida adotado pelo indivíduo e os determinantes sociais de saúde, acarretando em limitações oriundas de alterações morfológicas, funcionais, biológicas e psicológicas, que podem ser intensificadas durante um processo de internamento hospitalar. Objetivo: Analisar a prevalência e a relação entre dependência para realização de atividades básicas de vida diária e risco de sarcopenia em idosos internados. Método: Estudo transversal, de caráter quantitativo, realizado junto a idosos internados nos setores de clínica médica e cirúrgica, no período de março de 2021 a junho de 2021, em um hospital universitário do Paraná. Aplicou-se o instrumento sociodemográfico, Escala Índice de Katz para avaliar a capacidade funcional do idoso em relação às atividades básicas de vida diária (ABVD), Questionário SARC-F para selecionar risco de sarcopenia, avaliação da força muscular com o dinamômetro e mensuração da circunferência da panturrilha como preditor da quantidade e função muscular. Realizou-se análise teste qui-quadrado e regressão logística. Resultados: A amostra final compreendeu 162 idosos, com predomínio do sexo masculino (55,6%) e com idade entre 60 e 69 anos (59,9%). A prevalência de dependentes para realização de ABVD foi de 66,7% e para risco de sarcopenia 61,7%. Verificou-se que idosos com risco de sarcopenia dispunham de 3,8 mais chances de ser dependentes para realização de ABVD (p&lt;0,001). Conclusão: Identificou-se alta prevalência para dependência na realização de ABVD e risco de sarcopenia, sendo essas condições associadas. Idosos com dependência para realização de ABVD apresentaram maior risco de sarcopenia.     </subfield>
</datafield>
<datafield tag="260" ind1=" " ind2=" ">
<subfield code="b">Faculdade de Medicina, Universidade de São Paulo</subfield>
</datafield>
<dataField tag="260" ind1=" " ind2=" ">
<subfield code="c">2021-12-31 00:00:00</subfield>
</dataField>   <datafield tag="856" ind1=" " ind2=" ">
<subfield code="q">application/pdf</subfield>
</datafield>
<datafield tag="856" ind1="4" ind2="0">
<subfield code="u">https://www.revistas.usp.br/actafisiatrica/article/view/190859</subfield>
</datafield>  <datafield tag="786" ind1="0" ind2=" ">
<subfield code="n">Acta Fisiátrica; v. 28 n. 4 (2021)</subfield>
</datafield>  <datafield tag="546" ind1=" " ind2=" ">
<subfield code="a">por</subfield>
</datafield>   <datafield tag="540" ind1=" " ind2=" ">
<subfield code="a">Copyright (c) 2021 Acta Fisiátrica</subfield>
</datafield>
</record>
</metadata>
</record>