
<record>
<header>
<identifier>oai:revistas.usp.br:article/190872</identifier>
<datestamp>2022-04-01T15:27:54Z</datestamp>
<setSpec>actafisiatrica:Art.+Orig.</setSpec>
<setSpec>driver</setSpec>
</header>
<metadata>
<record xmlns="http://www.loc.gov/MARC21/slim" xmlns:xsi="http://www.w3.org/2001/XMLSchema-instance" xsi:schemaLocation="http://www.loc.gov/MARC21/slim http://www.loc.gov/standards/marcxml/schema/MARC21slim.xsd">
<leader>     nmb a2200000Iu 4500</leader>
<controlfield tag="008">"211231 2021                        eng  "</controlfield>
<datafield tag="022" ind1="#" ind2="#">
<subfield code="$a">2317-0190</subfield>
</datafield>
<datafield tag="022" ind1="#" ind2="#">
<subfield code="$a">0104-7795</subfield>
</datafield>
<datafield tag="042" ind1=" " ind2=" ">
<subfield code="a">dc</subfield>
</datafield>
<datafield tag="245" ind1="0" ind2="0">
<subfield code="a">Fatores associados à síndrome de fragilidade em idosos: análise de modelagem de equações estruturais</subfield>
</datafield>  <datafield tag="720" ind1="1" ind2=" ">
<subfield code="a">Corrochel, Isabela Celano</subfield>
<subfield code="u">Universidade Federal do Triângulo Mineiro - UFTM</subfield><subfield code="0">https://orcid.org/0000-0001-5048-4048</subfield></datafield>
<datafield tag="720" ind1="1" ind2=" ">
<subfield code="a">Oliveira, Nayara Gomes Nunes</subfield>
<subfield code="u">Universidade Federal do Triângulo Mineiro - UFTM  </subfield><subfield code="0">https://orcid.org/0000-0003-4170-8761</subfield></datafield>
<datafield tag="720" ind1="1" ind2=" ">
<subfield code="a">Marchiori, Gianna Fiori</subfield>
<subfield code="u">Universidade Federal do Triângulo Mineiro - UFTM </subfield><subfield code="0">https://orcid.org/0000-0001-6363-0059</subfield></datafield>
<datafield tag="720" ind1="1" ind2=" ">
<subfield code="a">Heitor, Sara Franco Diniz</subfield>
<subfield code="u">Universidade Federal do Triângulo Mineiro - UFTM </subfield><subfield code="0">https://orcid.org/0000-0001-5758-9299</subfield></datafield>
<datafield tag="720" ind1="1" ind2=" ">
<subfield code="a">Marmo, Flavia Aparecida Dias</subfield>
<subfield code="u">Universidade Federal do Triângulo Mineiro - UFTM </subfield><subfield code="0">https://orcid.org/0000-0001-6417-5748</subfield></datafield>
<datafield tag="720" ind1="1" ind2=" ">
<subfield code="a">Tavares, Darlene Mara dos Santos</subfield>
<subfield code="u">Universidade Federal do Triângulo Mineiro - UFTM</subfield><subfield code="0">https://orcid.org/0000-0001-9565-0476</subfield></datafield>
<datafield tag="520" ind1=" " ind2=" ">
<subfield code="a"> Objetivo: Analisar a síndrome de fragilidade e seus fatores associados entre idosos na comunidade. Método: Estudo transversal com 1.601 idosos residentes na área urbana da Macrorregião de Saúde do Triângulo Sul de Minas Gerais, que foram divididos em dois grupos: pré-fragilidade/fragilidade (n= 1200) e não fragilidade (n= 401). Os dados foram coletados nos domicílios mediante a aplicação de instrumentos validados no Brasil. Procederam-se as análises descritiva e de trajetórias (p&lt;0,05). Resultados: A maior idade (p&lt;0,001), tal como a menor escolaridade (p&lt;0,001), o maior número de morbidades (p&lt;0,001), o alto risco para complicações metabólicas (p= 0,006) e as medidas inadequadas das circunferências da panturrilha (p&lt;0,001) e braquial (p= 0,028) associaram-se diretamente à pré-fragilidade/fragilidade. As associações indiretas com esta condição foram entre o sexo masculino (β= -0,01), mediado pela medida inadequada da circunferência da panturrilha; sexo feminino, mediado pelo maior número de morbidades (β= 0,04) e pelo alto risco para complicações metabólicas (β= 0,03); e o índice de massa corporal mediado pelo maior número de morbidades (β= 0,03). Conclusão: A maior idade, baixa escolaridade, polimorbidade e inadequações nas medidas das circunferências abdominal, panturrilha e braquial são aspectos que devem ser considerados na elaboração de estratégias de atenção à saúde do idoso, visando postergar o surgimento da síndrome de fragilidade e/ou minimizar suas consequências. </subfield>
</datafield>
<datafield tag="260" ind1=" " ind2=" ">
<subfield code="b">Faculdade de Medicina, Universidade de São Paulo</subfield>
</datafield>
<dataField tag="260" ind1=" " ind2=" ">
<subfield code="c">2021-12-31 00:00:00</subfield>
</dataField>   <datafield tag="856" ind1=" " ind2=" ">
<subfield code="q">application/pdf</subfield>
</datafield>
<datafield tag="856" ind1="4" ind2="0">
<subfield code="u">https://www.revistas.usp.br/actafisiatrica/article/view/190872</subfield>
</datafield>  <datafield tag="786" ind1="0" ind2=" ">
<subfield code="n">Acta Fisiátrica; v. 28 n. 4 (2021)</subfield>
</datafield>  <datafield tag="546" ind1=" " ind2=" ">
<subfield code="a">por</subfield>
</datafield>   <datafield tag="540" ind1=" " ind2=" ">
<subfield code="a">Copyright (c) 2021 Acta Fisiátrica</subfield>
</datafield>
</record>
</metadata>
</record>