
<record>
<header>
<identifier>oai:revistas.usp.br:article/191393</identifier>
<datestamp>2022-04-01T15:27:54Z</datestamp>
<setSpec>actafisiatrica:Art.+Orig.</setSpec>
<setSpec>driver</setSpec>
</header>
<metadata>
<record xmlns="http://www.loc.gov/MARC21/slim" xmlns:xsi="http://www.w3.org/2001/XMLSchema-instance" xsi:schemaLocation="http://www.loc.gov/MARC21/slim http://www.loc.gov/standards/marcxml/schema/MARC21slim.xsd">
<leader>     nmb a2200000Iu 4500</leader>
<controlfield tag="008">"211231 2021                        eng  "</controlfield>
<datafield tag="022" ind1="#" ind2="#">
<subfield code="$a">2317-0190</subfield>
</datafield>
<datafield tag="022" ind1="#" ind2="#">
<subfield code="$a">0104-7795</subfield>
</datafield>
<datafield tag="042" ind1=" " ind2=" ">
<subfield code="a">dc</subfield>
</datafield>
<datafield tag="245" ind1="0" ind2="0">
<subfield code="a">Exercícios passivos na reabilitação de pacientes com dor, edema e limitação articular: estudo piloto</subfield>
</datafield>  <datafield tag="720" ind1="1" ind2=" ">
<subfield code="a">Folchine, Ana Elisa Rosselli</subfield>
<subfield code="u">Fundação Faculdade Regional de Medicina São José do Rio Preto – FUNFARME</subfield><subfield code="0">https://orcid.org/0000-0001-5476-9331</subfield></datafield>
<datafield tag="720" ind1="1" ind2=" ">
<subfield code="a">Foss, Marco Henrique Dall’aglio</subfield>
<subfield code="u">Fundação Faculdade Regional de Medicina São José do Rio Preto – FUNFARME</subfield><subfield code="0">https://orcid.org/0000-0002-9821-8029</subfield></datafield>
<datafield tag="720" ind1="1" ind2=" ">
<subfield code="a">Cavenaghi, Simone</subfield>
<subfield code="u">Fundação Faculdade Regional de Medicina São José do Rio Preto – FUNFARME</subfield><subfield code="0">https://orcid.org/0000-0003-1890-0739</subfield></datafield>
<datafield tag="720" ind1="1" ind2=" ">
<subfield code="a">Godoy, Jose Maria Pereira de</subfield>
<subfield code="u">Faculdade de Medicina de São José do Rio Preto - FAMERP</subfield><subfield code="0">https://orcid.org/0000-0001-5424-7787</subfield></datafield>
<datafield tag="520" ind1=" " ind2=" ">
<subfield code="a"> Imobilização parcial ou completa leva a diferentes processos de ajuste como perda de força muscular, diminuição do desempenho geral e edema. Objetivo: Avaliar a melhora da dor utilizando de um dispositivo eletromecânico que realiza movimentos passivo nos pacientes com dor, limitação da mobilidade e uso de dispositivos auxiliadores da marcha. Método: Foram avaliados em ensaio clinico prospectivo 20 pacientes, a melhora da dor, fazendo uso de dispositivos auxiliares de locomoção, em pacientes que faziam tratamento convencional por quatro a 12 meses, mas que passaram a fazer diariamente por uma hora e, comparando com exercício passivo realizado com o dispositivo, por duas horas/dia,  por cinco dias, e avaliados pela escala analógica de dor antes e depois no Hospital de Base da Fundação Faculdade de Medicina de São Jose do Rio Preto - FUNFARME de março de 2019 a janeiro de 2020. Resultados: Quando compara a diferença de redução do grupo realizou dispositivo eletromecânico passivo com o grupo convencional houve uma redução de 6,6 na escala analógica de dor e em relação ao grupo convencional de 2, sendo diferente estatisticamente teste t pareado valor p= 0,0001. Conclusão: Exercícios passivos mecânicos, que realizam a drenagem linfática é uma nova opção de tratamento aos pacientes que tem dor e limitação crônica da marcha. </subfield>
</datafield>
<datafield tag="260" ind1=" " ind2=" ">
<subfield code="b">Faculdade de Medicina, Universidade de São Paulo</subfield>
</datafield>
<dataField tag="260" ind1=" " ind2=" ">
<subfield code="c">2021-12-31 00:00:00</subfield>
</dataField>   <datafield tag="856" ind1=" " ind2=" ">
<subfield code="q">application/pdf</subfield>
</datafield>
<datafield tag="856" ind1="4" ind2="0">
<subfield code="u">https://www.revistas.usp.br/actafisiatrica/article/view/191393</subfield>
</datafield>  <datafield tag="786" ind1="0" ind2=" ">
<subfield code="n">Acta Fisiátrica; v. 28 n. 4 (2021)</subfield>
</datafield>  <datafield tag="546" ind1=" " ind2=" ">
<subfield code="a">por</subfield>
</datafield>   <datafield tag="540" ind1=" " ind2=" ">
<subfield code="a">Copyright (c) 2021 Acta Fisiátrica</subfield>
</datafield>
</record>
</metadata>
</record>