
<record>
<header>
<identifier>oai:revistas.usp.br:article/191892</identifier>
<datestamp>2022-09-27T14:54:06Z</datestamp>
<setSpec>actafisiatrica:Art.+Orig.</setSpec>
<setSpec>driver</setSpec>
</header>
<metadata>
<record xmlns="http://www.loc.gov/MARC21/slim" xmlns:xsi="http://www.w3.org/2001/XMLSchema-instance" xsi:schemaLocation="http://www.loc.gov/MARC21/slim http://www.loc.gov/standards/marcxml/schema/MARC21slim.xsd">
<leader>     nmb a2200000Iu 4500</leader>
<controlfield tag="008">"220628 2022                        eng  "</controlfield>
<datafield tag="022" ind1="#" ind2="#">
<subfield code="$a">2317-0190</subfield>
</datafield>
<datafield tag="022" ind1="#" ind2="#">
<subfield code="$a">0104-7795</subfield>
</datafield>
<datafield tag="042" ind1=" " ind2=" ">
<subfield code="a">dc</subfield>
</datafield>
<datafield tag="245" ind1="0" ind2="0">
<subfield code="a">Efeito da estimulação auditiva rítmica associada à fisioterapia na mobilidade funcional de idosos sedentários: um ensaio clínico randomizado</subfield>
</datafield>  <datafield tag="720" ind1="1" ind2=" ">
<subfield code="a">Nascimento, Camila Maria Mendes</subfield>
<subfield code="u">Universidade Federal de Pernambuco</subfield></datafield>
<datafield tag="720" ind1="1" ind2=" ">
<subfield code="a">Oliveira                                     , Ana Paula Silva de                                   </subfield>
<subfield code="u">Universidade Federal de Pernambuco</subfield></datafield>
<datafield tag="720" ind1="1" ind2=" ">
<subfield code="a">Souza, Jéssica Maria Nogueira de</subfield>
<subfield code="u">Centro Universitário Maurício de Nassau </subfield></datafield>
<datafield tag="720" ind1="1" ind2=" ">
<subfield code="a">Lima, Ágata Rodrigues de</subfield>
<subfield code="u">Centro Universitário Maurício de Nassau</subfield></datafield>
<datafield tag="720" ind1="1" ind2=" ">
<subfield code="a">Lima, Jonathas Carlos de</subfield>
<subfield code="u">Hospital Regional Belarmino Correia</subfield></datafield>
<datafield tag="720" ind1="1" ind2=" ">
<subfield code="a">Souza, Erivaldo Lopes de</subfield>
<subfield code="u">Universidade Federal da  Paraíba</subfield></datafield>
<datafield tag="720" ind1="1" ind2=" ">
<subfield code="a">Lins, Carla Cabral dos Santos Accioly</subfield>
<subfield code="u">Universidade Federal de Pernambuco</subfield></datafield>
<datafield tag="720" ind1="1" ind2=" ">
<subfield code="a">Coriolano, Maria das Graças Wanderley de Sales</subfield>
<subfield code="u">Universidade Federal de Pernambuco</subfield></datafield>
<datafield tag="520" ind1=" " ind2=" ">
<subfield code="a"> A Estimulação Auditiva Rítmica (EAR) tem despertado interesse pelos efeitos positivos durante o envelhecimento sobre os declínios da mobilidade. Objetivo: Avaliar os efeitos de um treinamento com estimulação auditiva rítmica associada à fisioterapia sobre mobilidade funcional em idosos sedentários. Métodos: Neste ensaio clínico randomizado, controlado, simples cego os idosos foram alocados em três grupos: controle (GC), estimulação auditiva rítmica associada à fisioterapia (EAR+FT) e fisioterapia (FT). Os grupos FT e EAR+FT foram submetidos a 12 sessões com o protocolo da fisioterapia (três vezes por semana, 40 min/sessão). Ao grupo EAR+FT eram acrescidos a estimulação auditiva rítmica com música (10-20 min/sessão), fornecidos pelo aplicativo ParkinSONS®. Para a análise dos dados, foi utilizada a ANOVA two-way com medidas repetidas para comparação entre os grupos e o tempo, com o post hoc de Tukey. O tamanho do efeito das intervenções também foi calculado. O nível de significância estabelecido foi de p&lt;0.05. Resultados: Não foi encontrada diferença significativa entre os grupos. Na análise pareada, foi observado que o grupo EAR+FT apresentou resultados significativos e tamanho do efeito benéfico com aumento da velocidade (p= 0.0001), redução do tempo (p= 0.001) e do número de passos (p= 0.0007), redução nos valores do TUG (p= 0.0001), aumento do deslocamento no TAF (p= 0.0001), melhora dos escores no TUG-ABS (p= 0.003) e PAP (p= 0.0001). Conclusão: Verificou-se um efeito positivo do uso da EAR associada à fisioterapia sobre mobilidade funcional de idosos sedentários, repercutindo sobre os parâmetros espaços-temporais, o risco de quedas e a execução de atividades funcionais. </subfield>
</datafield>
<datafield tag="260" ind1=" " ind2=" ">
<subfield code="b">Faculdade de Medicina, Universidade de São Paulo</subfield>
</datafield>
<dataField tag="260" ind1=" " ind2=" ">
<subfield code="c">2022-06-28 14:49:26</subfield>
</dataField>   <datafield tag="856" ind1=" " ind2=" ">
<subfield code="q">application/pdf</subfield>
</datafield>
<datafield tag="856" ind1="4" ind2="0">
<subfield code="u">https://www.revistas.usp.br/actafisiatrica/article/view/191892</subfield>
</datafield>  <datafield tag="786" ind1="0" ind2=" ">
<subfield code="n">Acta Fisiátrica; v. 29 n. 2 (2022)</subfield>
</datafield>  <datafield tag="546" ind1=" " ind2=" ">
<subfield code="a">por</subfield>
</datafield>   <datafield tag="540" ind1=" " ind2=" ">
<subfield code="a">Copyright (c) 2022 Acta Fisiátrica</subfield>
</datafield>
</record>
</metadata>
</record>