
<record>
<header>
<identifier>oai:revistas.usp.br:article/192612</identifier>
<datestamp>2022-04-01T15:27:54Z</datestamp>
<setSpec>actafisiatrica:Rel.+Caso</setSpec>
<setSpec>driver</setSpec>
</header>
<metadata>
<record xmlns="http://www.loc.gov/MARC21/slim" xmlns:xsi="http://www.w3.org/2001/XMLSchema-instance" xsi:schemaLocation="http://www.loc.gov/MARC21/slim http://www.loc.gov/standards/marcxml/schema/MARC21slim.xsd">
<leader>     nmb a2200000Iu 4500</leader>
<controlfield tag="008">"211231 2021                        eng  "</controlfield>
<datafield tag="022" ind1="#" ind2="#">
<subfield code="$a">2317-0190</subfield>
</datafield>
<datafield tag="022" ind1="#" ind2="#">
<subfield code="$a">0104-7795</subfield>
</datafield>
<datafield tag="042" ind1=" " ind2=" ">
<subfield code="a">dc</subfield>
</datafield>
<datafield tag="245" ind1="0" ind2="0">
<subfield code="a">Efeitos de programa de reabilitação em regime de internação em paciente amputado transfemoral unilateral: relato de caso</subfield>
</datafield>  <datafield tag="720" ind1="1" ind2=" ">
<subfield code="a">Dias, Caren da Silva</subfield>
<subfield code="u">Instituto de Medicina Física e Reabilitação, Hospital das Clínicas da Faculdade de Medicina, Universidade de São Paulo</subfield><subfield code="0">https://orcid.org/0000-0001-9698-7388</subfield></datafield>
<datafield tag="720" ind1="1" ind2=" ">
<subfield code="a">Alfieri, Fabio Marcon</subfield>
<subfield code="u">Instituto de Medicina Fisica e Reabilitação, Hospital das Clinicas, Faculdade de Medicina, Universidade de São Paulo</subfield><subfield code="0">https://orcid.org/0000-0002-5242-3246</subfield></datafield>
<datafield tag="720" ind1="1" ind2=" ">
<subfield code="a">Ayres, Denise Vianna Machado</subfield>
<subfield code="u">Instituto de Medicina Fisica e Reabilitação, Hospital das Clinicas, Faculdade de Medicina, Universidade de São Paulo</subfield><subfield code="0">https://orcid.org/0000-0003-0189-2947</subfield></datafield>
<datafield tag="720" ind1="1" ind2=" ">
<subfield code="a">Battistella, Linamara Rizzo</subfield>
<subfield code="u">Faculdade de Medicina, Universidade de São Paulo</subfield><subfield code="0">https://orcid.org/0000-0001-5275-0733</subfield></datafield>
<datafield tag="520" ind1=" " ind2=" ">
<subfield code="a"> O programa de reabilitação em regime de internação pode trazer diversos benefícios aos indivíduos amputados. Objetivo: Verificar a temperatura dos membros inferiores e a funcionalidade de indivíduo amputado submetido a um programa de reabilitação em regime de internação. Método: Paciente do sexo masculino com amputação transfemoral distal à esquerda foi avaliado por meio da termografia (infrared sensor FLIR T650sc) da região da coxa, teste Timed Up and Go, teste de caminhada de 2 minutos e a Escala AMP - Amputee Mobility Predictor antes e após programa de internação para reabilitação durante 4 semanas. Resultados: Em relação a avaliação termográfica, houve diminuição da diferença de temperatura entre as coxas direita e esquerda, passando de 1,9°C para 0,6°C na vista anterior e de 3,4°C para 0,3°C na vista posterior após o programa de reabilitação. O tempo de execução do TUG passou de 17,17 s para 13,08 s e a escala AMP passou de 38 para 43 após o programa de reabilitação. Conclusão: Indivíduo amputado unilateral de membro inferior submetido a programa de 4 semanas de reabilitação em regime de internação pode ser beneficiado em relação a simetria de distribuição da temperatura cutânea da coxa, mobilidade funcional e funcionalidade.  </subfield>
</datafield>
<datafield tag="260" ind1=" " ind2=" ">
<subfield code="b">Faculdade de Medicina, Universidade de São Paulo</subfield>
</datafield>
<dataField tag="260" ind1=" " ind2=" ">
<subfield code="c">2021-12-31 00:00:00</subfield>
</dataField>   <datafield tag="856" ind1=" " ind2=" ">
<subfield code="q">application/pdf</subfield>
</datafield>
<datafield tag="856" ind1="4" ind2="0">
<subfield code="u">https://www.revistas.usp.br/actafisiatrica/article/view/192612</subfield>
</datafield>  <datafield tag="786" ind1="0" ind2=" ">
<subfield code="n">Acta Fisiátrica; v. 28 n. 4 (2021)</subfield>
</datafield>  <datafield tag="546" ind1=" " ind2=" ">
<subfield code="a">por</subfield>
</datafield>   <datafield tag="540" ind1=" " ind2=" ">
<subfield code="a">Copyright (c) 2021 Acta Fisiátrica</subfield>
</datafield>
</record>
</metadata>
</record>