
<record>
<header>
<identifier>oai:revistas.usp.br:article/192649</identifier>
<datestamp>2022-04-01T15:27:54Z</datestamp>
<setSpec>actafisiatrica:Art.+Orig.</setSpec>
<setSpec>driver</setSpec>
</header>
<metadata>
<record xmlns="http://www.loc.gov/MARC21/slim" xmlns:xsi="http://www.w3.org/2001/XMLSchema-instance" xsi:schemaLocation="http://www.loc.gov/MARC21/slim http://www.loc.gov/standards/marcxml/schema/MARC21slim.xsd">
<leader>     nmb a2200000Iu 4500</leader>
<controlfield tag="008">"211231 2021                        eng  "</controlfield>
<datafield tag="022" ind1="#" ind2="#">
<subfield code="$a">2317-0190</subfield>
</datafield>
<datafield tag="022" ind1="#" ind2="#">
<subfield code="$a">0104-7795</subfield>
</datafield>
<datafield tag="042" ind1=" " ind2=" ">
<subfield code="a">dc</subfield>
</datafield>
<datafield tag="245" ind1="0" ind2="0">
<subfield code="a">Reabilitação ambulatorial da COVID longa: uma chamada à ação</subfield>
</datafield>  <datafield tag="720" ind1="1" ind2=" ">
<subfield code="a">Imamura, Marta</subfield>
<subfield code="u">Departamento de Medicina Legal, Ética Médica e Medicina Social e do Trabalho, Faculdade de Medicina da Universidade de São Paulo</subfield><subfield code="0">http://lattes.cnpq.br/4490494340750959</subfield><subfield code="0">https://orcid.org/0000-0003-0355-9697</subfield></datafield>
<datafield tag="720" ind1="1" ind2=" ">
<subfield code="a">Shinzato, Gilson Tanaka</subfield>
<subfield code="u">Instituto de Medicina Física e Reabilitação, Hospital das Clinicas, Faculdade de Medicina, Universidade de São Paulo</subfield><subfield code="0">https://orcid.org/0000-0002-1462-7096</subfield></datafield>
<datafield tag="720" ind1="1" ind2=" ">
<subfield code="a">Uchiyama, Sabrina Saemy Tome</subfield>
<subfield code="u">Instituto de Medicina Física e Reabilitação, Hospital das Clinicas, Faculdade de Medicina, Universidade de São Paulo</subfield><subfield code="0">https://orcid.org/0000-0002-7946-3424</subfield></datafield>
<datafield tag="720" ind1="1" ind2=" ">
<subfield code="a">De Pretto, Lucas Ramos</subfield>
<subfield code="u">Centro de Lasers e Aplicações, Instituto de Pesquisas Energéticas e Nucleares</subfield><subfield code="0">https://orcid.org/0000-0001-7783-2137</subfield></datafield>
<datafield tag="720" ind1="1" ind2=" ">
<subfield code="a">Ayres, Denise Vianna Machado</subfield>
<subfield code="u">Instituto de Medicina Física e Reabilitação, Hospital das Clinicas, Faculdade de Medicina, Universidade de São Paulo</subfield><subfield code="0">https://orcid.org/0000-0003-0189-2947</subfield></datafield>
<datafield tag="720" ind1="1" ind2=" ">
<subfield code="a">Oshiro, Simone Hitomi</subfield>
<subfield code="u">Instituto de Medicina Física e Reabilitação, Hospital das Clínicas, Faculdade de Medicina, Universidade de São Paulo</subfield><subfield code="0">https://orcid.org/0000-0002-9885-325X</subfield></datafield>
<datafield tag="720" ind1="1" ind2=" ">
<subfield code="a">Leite, Valéria Dini</subfield>
<subfield code="u">Instituto de Medicina Física e Reabilitação, Hospital das Clínicas, Faculdade de Medicina, Universidade de São Paulo</subfield><subfield code="0">https://orcid.org/0000-0002-5224-4731</subfield></datafield>
<datafield tag="720" ind1="1" ind2=" ">
<subfield code="a">Rossi, Daniela Aguilera Moura Antonio</subfield>
<subfield code="u">Instituto de Medicina Física e Reabilitação, Hospital das Clínicas, Faculdade de Medicina, Universidade de São Paulo</subfield><subfield code="0">https://orcid.org/0000-0001-6285-6830</subfield></datafield>
<datafield tag="720" ind1="1" ind2=" ">
<subfield code="a">Kaihami, Harumi Nemoto</subfield>
<subfield code="u">Instituto de Medicina Física e Reabilitação, Hospital das Clínicas, Faculdade de Medicina, Universidade de São Paulo</subfield><subfield code="0">https://orcid.org/0000-0003-2612-4960</subfield></datafield>
<datafield tag="720" ind1="1" ind2=" ">
<subfield code="a">Lopes, Rosana Aparecida de Freitas</subfield>
<subfield code="u">Instituto de Medicina Física e Reabilitação, Hospital das Clínicas, Faculdade de Medicina, Universidade de São Paulo</subfield><subfield code="0">https://orcid.org/0000-0003-2878-0195</subfield></datafield>
<datafield tag="720" ind1="1" ind2=" ">
<subfield code="a">Tsukimoto, Denise Rodrigues</subfield>
<subfield code="u">Instituto de Medicina Física e Reabilitação, Hospital das Clínicas, Faculdade de Medicina, Universidade de São Paulo</subfield><subfield code="0">https://orcid.org/0000-0002-7465-7019</subfield></datafield>
<datafield tag="720" ind1="1" ind2=" ">
<subfield code="a">Naves, Gabriella Souza</subfield>
<subfield code="u">Instituto de Medicina Física e Reabilitação, Hospital das Clínicas, Faculdade de Medicina, Universidade de São Paulo</subfield><subfield code="0">https://orcid.org/0000-0002-6575-8141</subfield></datafield>
<datafield tag="720" ind1="1" ind2=" ">
<subfield code="a">Matheus, Denise</subfield>
<subfield code="u">Instituto de Medicina Física e Reabilitação, Hospital das Clínicas, Faculdade de Medicina, Universidade de São Paulo</subfield><subfield code="0">https://orcid.org/0000-0003-3312-9268</subfield></datafield>
<datafield tag="720" ind1="1" ind2=" ">
<subfield code="a">Santos, Artur César Aquino dos</subfield>
<subfield code="u">Instituto de Medicina Física e Reabilitação, Hospital das Clínicas, Faculdade de Medicina, Universidade de São Paulo</subfield><subfield code="0">https://orcid.org/0000-0002-6193-0696</subfield></datafield>
<datafield tag="720" ind1="1" ind2=" ">
<subfield code="a">Miyazaki, Margarida Harumi</subfield>
<subfield code="u">Instituto de Medicina Física e Reabilitação, Hospital das Clínicas, Faculdade de Medicina, Universidade de São Paulo</subfield><subfield code="0">https://orcid.org/0000-0001-6881-3903</subfield></datafield>
<datafield tag="720" ind1="1" ind2=" ">
<subfield code="a">Battistella, Linamara Rizzo</subfield>
<subfield code="u">Departamento de Medicina Legal, Ética Médica e Medicina Social e do Trabalho, Faculdade de Medicina da Universidade de São Paulo</subfield><subfield code="0">https://orcid.org/0000-0001-5275-0733</subfield></datafield>
<datafield tag="520" ind1=" " ind2=" ">
<subfield code="a"> A COVID-19 tem consequências sensório motoras, cognitivas, psíquicas e nutricionais que necessitam de reabilitação. Objetivo: Descrever o programa de reabilitação ambulatorial desenvolvido no Instituto de Medicina Física e Reabilitação do Hospital das Clínicas da Faculdade de Medicina da Universidade de São Paulo, otimizado, intensivo e de curta duração. Método: Obtivemos informações sociodemográficas e clínicas de 12 adultos com diagnóstico laboratorial de COVID-19, grave e crítica, que necessitaram de hospitalização na fase aguda. Avaliações funcionais: Escala de Medida de Independência Funcional (MIF), EQ-5D-5L, World Health Organization Disability Assessment Schedule (WHODAS 2.0), Post-COVID-19 Functional Status scale, Medical Research Council (MRC) dyspnea scale, escala visual analógica (EVA) para dor, DN-4 (Douleur Neuropathique 4), escala de sonolência de Epworth, Índice de Gravidade da Insônia, Montreal Ontario Cognitive Assessment (MoCA), escala de Depressão, ansiedade e estresse (DASS-21), avaliação nutricional, Timed Up and Go, teste de caminhada de 10 metros, teste de preensão palmar, MRC sum score, ultrassonografia musculoesquelética da coxa antes, durante e após programa de reabilitação ambulatorial. Este incluiu estimulação magnética indutiva e elétrica musculoesquelética, tratamento por ondas de choque extracorpóreas, exercícios isocinéticos, abordagem emocional, estimulação cognitiva, estimulação do desempenho ocupacional, orientação nutricional e programa educacional por aplicativo COMVC. O tratamento foi realizado duas vezes por semana até atingir os critérios de alta pré-estabelecidos. Resultados: VAS e TUG proporcionaram melhora estatisticamente significante (p &lt;0,001). PCFS, MIF, Handgrip, 10 MWT e DASS-21 domínio ansiedade apresentam tendências de melhora. Conclusão: O programa melhora a dor, mobilidade e ansiedade em pacientes com COVID longa. </subfield>
</datafield>
<datafield tag="260" ind1=" " ind2=" ">
<subfield code="b">Faculdade de Medicina, Universidade de São Paulo</subfield>
</datafield>
<dataField tag="260" ind1=" " ind2=" ">
<subfield code="c">2021-12-31 00:00:00</subfield>
</dataField>   <datafield tag="856" ind1=" " ind2=" ">
<subfield code="q">application/pdf</subfield>
</datafield>
<datafield tag="856" ind1="4" ind2="0">
<subfield code="u">https://www.revistas.usp.br/actafisiatrica/article/view/192649</subfield>
</datafield>  <datafield tag="786" ind1="0" ind2=" ">
<subfield code="n">Acta Fisiátrica; v. 28 n. 4 (2021)</subfield>
</datafield>  <datafield tag="546" ind1=" " ind2=" ">
<subfield code="a">por</subfield>
</datafield>   <datafield tag="540" ind1=" " ind2=" ">
<subfield code="a">Copyright (c) 2021 Acta Fisiátrica</subfield>
</datafield>
</record>
</metadata>
</record>