
<record>
<header>
<identifier>oai:revistas.usp.br:article/192778</identifier>
<datestamp>2022-11-30T19:50:56Z</datestamp>
<setSpec>actafisiatrica:Art.+Orig.</setSpec>
<setSpec>driver</setSpec>
</header>
<metadata>
<record xmlns="http://www.loc.gov/MARC21/slim" xmlns:xsi="http://www.w3.org/2001/XMLSchema-instance" xsi:schemaLocation="http://www.loc.gov/MARC21/slim http://www.loc.gov/standards/marcxml/schema/MARC21slim.xsd">
<leader>     nmb a2200000Iu 4500</leader>
<controlfield tag="008">"220927 2022                        eng  "</controlfield>
<datafield tag="022" ind1="#" ind2="#">
<subfield code="$a">2317-0190</subfield>
</datafield>
<datafield tag="022" ind1="#" ind2="#">
<subfield code="$a">0104-7795</subfield>
</datafield>
<datafield tag="042" ind1=" " ind2=" ">
<subfield code="a">dc</subfield>
</datafield>
<datafield tag="245" ind1="0" ind2="0">
<subfield code="a">Sexualidade: implicações no cotidiano de pessoas com lesão medular</subfield>
</datafield>  <datafield tag="720" ind1="1" ind2=" ">
<subfield code="a">Santana, Caroline Nascimento</subfield>
<subfield code="u">Universidade Federal do Rio de Janeiro</subfield><subfield code="0">https://orcid.org/0000-0001-5904-9376</subfield></datafield>
<datafield tag="720" ind1="1" ind2=" ">
<subfield code="a">Rebellato, Carolina</subfield>
<subfield code="u">Universidade Federal do Rio de Janeiro</subfield></datafield>
<datafield tag="520" ind1=" " ind2=" ">
<subfield code="a"> A lesão medular altera funções motoras e sensitivas, podendo causar limitações de atividades e restrição de participação. Nesse contexto, é frequente a presença de alterações da sexualidade, relacionadas a diminuição da função sexual, libido, baixa autoestima e aceitação social. Apesar disso, a sexualidade e seus desdobramentos têm sido pouca integrada no processo de reabilitação dessas pessoas. Objetivo: Compreender a sexualidade da pessoa com lesão medular, suas vivências e estratégias utilizadas, bem como a atuação de profissionais de saúde nessa área a partir da percepção de pessoas com lesão medular. Método: Estudo descritivo de análise qualitativa, que incluiu 12 pessoas com lesão medular, de idades entre 23 e 56 anos, usuários do Projeto Praia Para Todos, Rio de Janeiro. A coleta de dados foi realizada através de entrevista gravada por telefone. Os instrumentos utilizados foram Ficha de identificação sociodemográfica, roteiro de entrevista semiestruturado e Quociente Sexual. A inferência e interpretação dos dados foram realizados após transcrição das entrevistas na íntegra. Resultados: A lesão medular acarretou mudanças na vivência da sexualidade em aspectos físicos, psicossociais e ambientais. As principais estratégias utilizas foram mudança de hábitos, utilização de equipamentos, técnicas, medicamentos e busca por rede de suporte social. Embora o processo de reabilitação tenha se dado através de equipe multidisciplinar, foi identificado ausência de abordagem da sexualidade. Conclusão: Sugere-se mais estudos que visem identificar as limitações, barreiras e estratégias utilizadas por pessoas com lesão medular e outras deficiências, bem como o esclarecimento a profissionais de saúde sobre a importância da atuação nesse campo. </subfield>
</datafield>
<datafield tag="260" ind1=" " ind2=" ">
<subfield code="b">Faculdade de Medicina, Universidade de São Paulo</subfield>
</datafield>
<dataField tag="260" ind1=" " ind2=" ">
<subfield code="c">2022-09-27 11:51:32</subfield>
</dataField>   <datafield tag="856" ind1=" " ind2=" ">
<subfield code="q">application/pdf</subfield>
</datafield>
<datafield tag="856" ind1="4" ind2="0">
<subfield code="u">https://www.revistas.usp.br/actafisiatrica/article/view/192778</subfield>
</datafield>  <datafield tag="786" ind1="0" ind2=" ">
<subfield code="n">Acta Fisiátrica; v. 29 n. 3 (2022)</subfield>
</datafield>  <datafield tag="546" ind1=" " ind2=" ">
<subfield code="a">por</subfield>
</datafield>   <datafield tag="540" ind1=" " ind2=" ">
<subfield code="a">Copyright (c) 2022 Acta Fisiátrica</subfield>
</datafield>
</record>
</metadata>
</record>
<resumptionToken expirationDate="2023-08-08T14:50:35Z" completeListSize="935" cursor="825">9f519d612863e15b707ca52ad59ce1f5</resumptionToken>
</ListRecords>
</OAI-PMH> 